%YAML 1.1
%TAG !u! tag:unity3d.com,2011:
--- !u!1 &2347509557706571204
GameObject:
  m_ObjectHideFlags: 0
  m_CorrespondingSourceObject: {fileID: 0}
  m_PrefabInstance: {fileID: 0}
  m_PrefabAsset: {fileID: 0}
  serializedVersion: 6
  m_Component:
  - component: {fileID: 1643636128084512727}
  - component: {fileID: 3728305025327690902}
  - component: {fileID: 351830285684194895}
  m_Layer: 0
  m_Name: Howitzer_Unit_Prefab_1
  m_TagString: Unit
  m_Icon: {fileID: 0}
  m_NavMeshLayer: 0
  m_StaticEditorFlags: 0
  m_IsActive: 1
--- !u!4 &1643636128084512727
Transform:
  m_ObjectHideFlags: 0
  m_CorrespondingSourceObject: {fileID: 0}
  m_PrefabInstance: {fileID: 0}
  m_PrefabAsset: {fileID: 0}
  m_GameObject: {fileID: 2347509557706571204}
  m_LocalRotation: {x: 0, y: 1, z: 0, w: 0}
  m_LocalPosition: {x: 21.36, y: 0, z: 19.83}
  m_LocalScale: {x: 0.2, y: 0.2, z: 0.2}
  m_Children:
  - {fileID: 6018380300935487248}
  - {fileID: 997332097449454410}
  m_Father: {fileID: 0}
  m_RootOrder: 0
  m_LocalEulerAnglesHint: {x: 0, y: 180, z: 0}
--- !u!114 &3728305025327690902
MonoBehaviour:
  m_ObjectHideFlags: 0
  m_CorrespondingSourceObject: {fileID: 0}
  m_PrefabInstance: {fileID: 0}
  m_PrefabAsset: {fileID: 0}
  m_GameObject: {fileID: 2347509557706571204}
  m_Enabled: 1
  m_EditorHideFlags: 0
  m_Script: {fileID: 11500000, guid: aa584fbee541324448dd18d8409c7a41, type: 3}
  m_Name: 
  m_EditorClassIdentifier: 
  ObservedComponentsFoldoutOpen: 1
  Group: 0
  prefixField: -1
  Synchronization: 1
  OwnershipTransfer: 0
  ObservedComponents:
  - {fileID: 351830285684194895}
  viewIdField: 0
  InstantiationId: 0
  isRuntimeInstantiated: 0
--- !u!114 &351830285684194895
MonoBehaviour:
  m_ObjectHideFlags: 0
  m_CorrespondingSourceObject: {fileID: 0}
  m_PrefabInstance: {fileID: 0}
  m_PrefabAsset: {fileID: 0}
  m_GameObject: {fileID: 2347509557706571204}
  m_Enabled: 1
  m_EditorHideFlags: 0
  m_Script: {fileID: 11500000, guid: 627855c7f81362d41938ffe0b1475957, type: 3}
  m_Name: 
  m_EditorClassIdentifier: 
  m_SynchronizePosition: 1
  m_SynchronizeRotation: 1
  m_SynchronizeScale: 0
--- !u!1 &3416808517237722300
GameObject:
  m_ObjectHideFlags: 0
  m_CorrespondingSourceObject: {fileID: 0}
  m_PrefabInstance: {fileID: 0}
  m_PrefabAsset: {fileID: 0}
  serializedVersion: 6
  m_Component:
  - component: {fileID: 1608926482165383142}
  - component: {fileID: 6496533879297825211}
  - component: {fileID: 2202040888737727618}
  m_Layer: 0
  m_Name: pCube26
  m_TagString: Untagged
  m_Icon: {fileID: 0}
  m_NavMeshLayer: 0
  m_StaticEditorFlags: 0
  m_IsActive: 1
--- !u!4 &1608926482165383142
Transform:
  m_ObjectHideFlags: 0
  m_CorrespondingSourceObject: {fileID: 0}
  m_PrefabInstance: {fileID: 0}
  m_PrefabAsset: {fileID: 0}
  m_GameObject: {fileID: 3416808517237722300}
  m_LocalRotation: {x: 0, y: -0, z: -0, w: 1}
  m_LocalPosition: {x: -0, y: 0, z: 0}
  m_LocalScale: {x: 1, y: 1, z: 1}
  m_Children: []
  m_Father: {fileID: 997332097449454410}
  m_RootOrder: 0
  m_LocalEulerAnglesHint: {x: 0, y: 0, z: 0}
--- !u!33 &6496533879297825211
MeshFilter:
  m_ObjectHideFlags: 0
  m_CorrespondingSourceObject: {fileID: 0}
  m_PrefabInstance: {fileID: 0}
  m_PrefabAsset: {fileID: 0}
  m_GameObject: {fileID: 3416808517237722300}
  m_Mesh: {fileID: 8906563331131944060, guid: 09db1fac52e1cbf4aaa233b8522b2311, type: 3}
--- !u!23 &2202040888737727618
MeshRenderer:
  m_ObjectHideFlags: 0
  m_CorrespondingSourceObject: {fileID: 0}
  m_PrefabInstance: {fileID: 0}
  m_PrefabAsset: {fileID: 0}
  m_GameObject: {fileID: 3416808517237722300}
  m_Enabled: 1
  m_CastShadows: 1
  m_ReceiveShadows: 1
  m_DynamicOccludee: 1
  m_MotionVectors: 1
  m_LightProbeUsage: 1
  m_ReflectionProbeUsage: 1
  m_RayTracingMode: 2
  m_RenderingLayerMask: 1
  m_RendererPriority: 0
  m_Materials:
  - {fileID: 2100000, guid: 095c321c062aba940b16d16140c9a59c, type: 2}
  m_StaticBatchInfo:
    firstSubMesh: 0
    subMeshCount: 0
  m_StaticBatchRoot: {fileID: 0}
  m_ProbeAnchor: {fileID: 0}
  m_LightProbeVolumeOverride: {fileID: 0}
  m_ScaleInLightmap: 1
  m_ReceiveGI: 1
  m_PreserveUVs: 0
  m_IgnoreNormalsForChartDetection: 0
  m_ImportantGI: 0
  m_StitchLightmapSeams: 1
  m_SelectedEditorRenderState: 3
  m_MinimumChartSize: 4
  m_AutoUVMaxDistance: 0.5
  m_AutoUVMaxAngle: 89
  m_LightmapParameters: {fileID: 0}
  m_SortingLayerID: 0
  m_SortingLayer: 0
  m_SortingOrder: 0
--- !u!1 &4290916260298299737
GameObject:
  m_ObjectHideFlags: 0
  m_CorrespondingSourceObject: {fileID: 0}
  m_PrefabInstance: {fileID: 0}
  m_PrefabAsset: {fileID: 0}
  serializedVersion: 6
  m_Component:
  - component: {fileID: 997332097449454410}
  - component: {fileID: 8981426058315119704}
  m_Layer: 0
  m_Name: Mesh_Howitzer_Low_3
  m_TagString: Untagged
  m_Icon: {fileID: 0}
  m_NavMeshLayer: 0
  m_StaticEditorFlags: 0
  m_IsActive: 1
--- !u!4 &997332097449454410
Transform:
  m_ObjectHideFlags: 0
  m_CorrespondingSourceObject: {fileID: 0}
  m_PrefabInstance: {fileID: 0}
  m_PrefabAsset: {fileID: 0}
  m_GameObject: {fileID: 4290916260298299737}
  m_LocalRotation: {x: 0, y: -0, z: -0, w: 1}
  m_LocalPosition: {x: -0, y: 0, z: 0}
  m_LocalScale: {x: 4.9527, y: 4.9527, z: 4.9527}
  m_Children:
  - {fileID: 1608926482165383142}
  - {fileID: 8374827967215364944}
  m_Father: {fileID: 1643636128084512727}
  m_RootOrder: 1
  m_LocalEulerAnglesHint: {x: 0, y: 0, z: 0}
--- !u!95 &8981426058315119704
Animator:
  serializedVersion: 3
  m_ObjectHideFlags: 0
  m_CorrespondingSourceObject: {fileID: 0}
  m_PrefabInstance: {fileID: 0}
  m_PrefabAsset: {fileID: 0}
  m_GameObject: {fileID: 4290916260298299737}
  m_Enabled: 1
  m_Avatar: {fileID: 0}
  m_Controller: {fileID: 9100000, guid: fb24b413b1a111d41831c0100f50e9cb, type: 2}
  m_CullingMode: 0
  m_UpdateMode: 0
  m_ApplyRootMotion: 0
  m_LinearVelocityBlending: 0
  m_WarningMessage: 
  m_HasTransformHierarchy: 1
  m_AllowConstantClipSamplingOptimization: 1
  m_KeepAnimatorControllerStateOnDisable: 0
--- !u!1 &6340192104963020921
GameObject:
  m_ObjectHideFlags: 0
  m_CorrespondingSourceObject: {fileID: 0}
  m_PrefabInstance: {fileID: 0}
  m_PrefabAsset: {fileID: 0}
  serializedVersion: 6
  m_Component:
  - component: {fileID: 3111662710126397385}
  - component: {fileID: 4883770922817476159}
  - component: {fileID: 4583751549751160070}
  m_Layer: 0
  m_Name: pCube27
  m_TagString: Untagged
  m_Icon: {fileID: 0}
  m_NavMeshLayer: 0
  m_StaticEditorFlags: 0
  m_IsActive: 1
--- !u!4 &3111662710126397385
Transform:
  m_ObjectHideFlags: 0
  m_CorrespondingSourceObject: {fileID: 0}
  m_PrefabInstance: {fileID: 0}
  m_PrefabAsset: {fileID: 0}
  m_GameObject: {fileID: 6340192104963020921}
  m_LocalRotation: {x: 0.4331271, y: -0, z: -0, w: 0.90133286}
  m_LocalPosition: {x: 0, y: -6.071355, z: -6.450708}
  m_LocalScale: {x: 4.9526997, y: 4.9526997, z: 4.9526997}
  m_Children: []
  m_Father: {fileID: 8374827967215364944}
  m_RootOrder: 0
  m_LocalEulerAnglesHint: {x: 0, y: 0, z: 0}
--- !u!33 &4883770922817476159
MeshFilter:
  m_ObjectHideFlags: 0
  m_CorrespondingSourceObject: {fileID: 0}
  m_PrefabInstance: {fileID: 0}
  m_PrefabAsset: {fileID: 0}
  m_GameObject: {fileID: 6340192104963020921}
  m_Mesh: {fileID: -1501624878150026706, guid: 09db1fac52e1cbf4aaa233b8522b2311, type: 3}
--- !u!23 &4583751549751160070
MeshRenderer:
  m_ObjectHideFlags: 0
  m_CorrespondingSourceObject: {fileID: 0}
  m_PrefabInstance: {fileID: 0}
  m_PrefabAsset: {fileID: 0}
  m_GameObject: {fileID: 6340192104963020921}
  m_Enabled: 1
  m_CastShadows: 1
  m_ReceiveShadows: 1
  m_DynamicOccludee: 1
  m_MotionVectors: 1
  m_LightProbeUsage: 1
  m_ReflectionProbeUsage: 1
  m_RayTracingMode: 2
  m_RenderingLayerMask: 1
  m_RendererPriority: 0
  m_Materials:
  - {fileID: 2100000, guid: 095c321c062aba940b16d16140c9a59c, type: 2}
  m_StaticBatchInfo:
    firstSubMesh: 0
    subMeshCount: 0
  m_StaticBatchRoot: {fileID: 0}
  m_ProbeAnchor: {fileID: 0}
  m_LightProbeVolumeOverride: {fileID: 0}
  m_ScaleInLightmap: 1
  m_ReceiveGI: 1
  m_PreserveUVs: 0
  m_IgnoreNormalsForChartDetection: 0
  m_ImportantGI: 0
  m_StitchLightmapSeams: 1
  m_SelectedEditorRenderState: 3
  m_MinimumChartSize: 4
  m_AutoUVMaxDistance: 0.5
  m_AutoUVMaxAngle: 89
  m_LightmapParameters: {fileID: 0}
  m_SortingLayerID: 0
  m_SortingLayer: 0
  m_SortingOrder: 0
--- !u!1 &8762874612047477637
GameObject:
  m_ObjectHideFlags: 0
  m_CorrespondingSourceObject: {fileID: 0}
  m_PrefabInstance: {fileID: 0}
  m_PrefabAsset: {fileID: 0}
  serializedVersion: 6
  m_Component:
  - component: {fileID: 8374827967215364944}
  m_Layer: 0
  m_Name: GunSlider
  m_TagString: Untagged
  m_Icon: {fileID: 0}
  m_NavMeshLayer: 0
  m_StaticEditorFlags: 0
  m_IsActive: 1
--- !u!4 &8374827967215364944
Transform:
  m_ObjectHideFlags: 0
  m_CorrespondingSourceObject: {fileID: 0}
  m_PrefabInstance: {fileID: 0}
  m_PrefabAsset: {fileID: 0}
  m_GameObject: {fileID: 8762874612047477637}
  m_LocalRotation: {x: -0.4331271, y: -0, z: -0, w: 0.90133286}
  m_LocalPosition: {x: 0, y: 1.782866, z: -0.14335597}
  m_LocalScale: {x: 0.20191008, y: 0.2019101, z: 0.2019101}
  m_Children:
  - {fileID: 3111662710126397385}
  m_Father: {fileID: 997332097449454410}
  m_RootOrder: 1
  m_LocalEulerAnglesHint: {x: -51.332, y: 0, z: 0}
--- !u!1001 &6018380300935087510
PrefabInstance:
  m_ObjectHideFlags: 0
  serializedVersion: 2
  m_Modification:
    m_TransformParent: {fileID: 1643636128084512727}
    m_Modifications:
    - target: {fileID: 100006, guid: a49596ebf788acd4ab1281bffea444b1, type: 3}
      propertyPath: m_Name
      value: WFX_Explosion StarSmoke
      objectReference: {fileID: 0}
    - target: {fileID: 100006, guid: a49596ebf788acd4ab1281bffea444b1, type: 3}
      propertyPath: m_IsActive
      value: 1
      objectReference: {fileID: 0}
    - target: {fileID: 400006, guid: a49596ebf788acd4ab1281bffea444b1, type: 3}
      propertyPath: m_LocalPosition.x
      value: -0.09
      objectReference: {fileID: 0}
    - target: {fileID: 400006, guid: a49596ebf788acd4ab1281bffea444b1, type: 3}
      propertyPath: m_LocalPosition.y
      value: 32.13
      objectReference: {fileID: 0}
    - target: {fileID: 400006, guid: a49596ebf788acd4ab1281bffea444b1, type: 3}
      propertyPath: m_LocalPosition.z
      value: -29.7
      objectReference: {fileID: 0}
    - target: {fileID: 400006, guid: a49596ebf788acd4ab1281bffea444b1, type: 3}
      propertyPath: m_LocalRotation.x
      value: -0.42463174
      objectReference: {fileID: 0}
    - target: {fileID: 400006, guid: a49596ebf788acd4ab1281bffea444b1, type: 3}
      propertyPath: m_LocalRotation.y
      value: -0
      objectReference: {fileID: 0}
    - target: {fileID: 400006, guid: a49596ebf788acd4ab1281bffea444b1, type: 3}
      propertyPath: m_LocalRotation.z
      value: -0
      objectReference: {fileID: 0}
    - target: {fileID: 400006, guid: a49596ebf788acd4ab1281bffea444b1, type: 3}
      propertyPath: m_LocalRotation.w
      value: 0.90536624
      objectReference: {fileID: 0}
    - target: {fileID: 400006, guid: a49596ebf788acd4ab1281bffea444b1, type: 3}
      propertyPath: m_RootOrder
      value: 0
      objectReference: {fileID: 0}
    - target: {fileID: 400006, guid: a49596ebf788acd4ab1281bffea444b1, type: 3}
      propertyPath: m_LocalEulerAnglesHint.x
      value: -50.255
      objectReference: {fileID: 0}
    - target: {fileID: 400006, guid: a49596ebf788acd4ab1281bffea444b1, type: 3}
      propertyPath: m_LocalEulerAnglesHint.y
      value: 0
      objectReference: {fileID: 0}
    - target: {fileID: 400006, guid: a49596ebf788acd4ab1281bffea444b1, type: 3}
      propertyPath: m_LocalEulerAnglesHint.z
      value: 0
      objectReference: {fileID: 0}
    - target: {fileID: 400006, guid: a49596ebf788acd4ab1281bffea444b1, type: 3}
      propertyPath: m_LocalScale.x
      value: 7.6359286
      objectReference: {fileID: 0}
    - target: {fileID: 400006, guid: a49596ebf788acd4ab1281bffea444b1, type: 3}
      propertyPath: m_LocalScale.y
      value: 7.6359286
      objectReference: {fileID: 0}
    - target: {fileID: 400006, guid: a49596ebf788acd4ab1281bffea444b1, type: 3}
      propertyPath: m_LocalScale.z
      value: 7.6359286
      objectReference: {fileID: 0}
    m_RemovedComponents: []
  m_SourcePrefab: {fileID: 100100000, guid: a49596ebf788acd4ab1281bffea444b1, type: 3}
--- !u!4 &6018380300935487248 stripped
Transform:
  m_CorrespondingSourceObject: {fileID: 400006, guid: a49596ebf788acd4ab1281bffea444b1,
    type: 3}
  m_PrefabInstance: {fileID: 6018380300935087510}
  m_PrefabAsset: {fileID: 0}
