%YAML 1.1
%TAG !u! tag:unity3d.com,2011:
--- !u!1 &5040239717389304259
GameObject:
  m_ObjectHideFlags: 0
  m_CorrespondingSourceObject: {fileID: 0}
  m_PrefabInstance: {fileID: 0}
  m_PrefabAsset: {fileID: 0}
  serializedVersion: 6
  m_Component:
  - component: {fileID: 5035508070155539885}
  m_Layer: 0
  m_Name: RightForeArm
  m_TagString: Untagged
  m_Icon: {fileID: 0}
  m_NavMeshLayer: 0
  m_StaticEditorFlags: 0
  m_IsActive: 1
--- !u!4 &5035508070155539885
Transform:
  m_ObjectHideFlags: 0
  m_CorrespondingSourceObject: {fileID: 0}
  m_PrefabInstance: {fileID: 0}
  m_PrefabAsset: {fileID: 0}
  m_GameObject: {fileID: 5040239717389304259}
  m_LocalRotation: {x: 0.026206847, y: 0.11192808, z: -0.37655762, w: 0.9192332}
  m_LocalPosition: {x: -0.30852205, y: 0, z: 0}
  m_LocalScale: {x: 0.99999994, y: 1, z: 1.0000001}
  m_Children:
  - {fileID: 5035057568439014865}
  - {fileID: 5043549748395528665}
  - {fileID: 5035183849733379311}
  - {fileID: 5043552230509154371}
  - {fileID: 5043954847831744723}
  m_Father: {fileID: 5035439597995096797}
  m_RootOrder: 0
  m_LocalEulerAnglesHint: {x: 0, y: 0, z: 0}
--- !u!1 &5040254790453006611
GameObject:
  m_ObjectHideFlags: 0
  m_CorrespondingSourceObject: {fileID: 0}
  m_PrefabInstance: {fileID: 0}
  m_PrefabAsset: {fileID: 0}
  serializedVersion: 6
  m_Component:
  - component: {fileID: 5035565084998676201}
  m_Layer: 0
  m_Name: RightHandThumb2
  m_TagString: Untagged
  m_Icon: {fileID: 0}
  m_NavMeshLayer: 0
  m_StaticEditorFlags: 0
  m_IsActive: 1
--- !u!4 &5035565084998676201
Transform:
  m_ObjectHideFlags: 0
  m_CorrespondingSourceObject: {fileID: 0}
  m_PrefabInstance: {fileID: 0}
  m_PrefabAsset: {fileID: 0}
  m_GameObject: {fileID: 5040254790453006611}
  m_LocalRotation: {x: -0.07674263, y: 0.018490553, z: 0.010804601, w: 0.9968209}
  m_LocalPosition: {x: -0.0461545, y: 0.00000014533997, z: 0}
  m_LocalScale: {x: 0.99999684, y: 0.9999993, z: 1.0000037}
  m_Children:
  - {fileID: 5035354323240628925}
  m_Father: {fileID: 5043675666030094647}
  m_RootOrder: 0
  m_LocalEulerAnglesHint: {x: 0, y: 0, z: 0}
--- !u!1 &5040259307902517577
GameObject:
  m_ObjectHideFlags: 0
  m_CorrespondingSourceObject: {fileID: 0}
  m_PrefabInstance: {fileID: 0}
  m_PrefabAsset: {fileID: 0}
  serializedVersion: 6
  m_Component:
  - component: {fileID: 5043954847831744723}
  m_Layer: 0
  m_Name: RightHand
  m_TagString: Untagged
  m_Icon: {fileID: 0}
  m_NavMeshLayer: 0
  m_StaticEditorFlags: 0
  m_IsActive: 1
--- !u!4 &5043954847831744723
Transform:
  m_ObjectHideFlags: 0
  m_CorrespondingSourceObject: {fileID: 0}
  m_PrefabInstance: {fileID: 0}
  m_PrefabAsset: {fileID: 0}
  m_GameObject: {fileID: 5040259307902517577}
  m_LocalRotation: {x: 0.6752078, y: -0.03260662, z: 0.15921521, w: 0.71950114}
  m_LocalPosition: {x: -0.27173275, y: -0.000000048446655, z: 0.0000011627197}
  m_LocalScale: {x: 0.9999976, y: 1.000002, z: 1.0000004}
  m_Children:
  - {fileID: 5043492231434843139}
  - {fileID: 5035452514096551699}
  - {fileID: 5044017432812739651}
  - {fileID: 5035144464899820009}
  - {fileID: 5043675666030094647}
  - {fileID: 5035431151532981087}
  m_Father: {fileID: 5035508070155539885}
  m_RootOrder: 4
  m_LocalEulerAnglesHint: {x: 0, y: 0, z: 0}
--- !u!1 &5040265732804876027
GameObject:
  m_ObjectHideFlags: 0
  m_CorrespondingSourceObject: {fileID: 0}
  m_PrefabInstance: {fileID: 0}
  m_PrefabAsset: {fileID: 0}
  serializedVersion: 6
  m_Component:
  - component: {fileID: 5035186861272831389}
  m_Layer: 0
  m_Name: Chest
  m_TagString: Untagged
  m_Icon: {fileID: 0}
  m_NavMeshLayer: 0
  m_StaticEditorFlags: 0
  m_IsActive: 1
--- !u!4 &5035186861272831389
Transform:
  m_ObjectHideFlags: 0
  m_CorrespondingSourceObject: {fileID: 0}
  m_PrefabInstance: {fileID: 0}
  m_PrefabAsset: {fileID: 0}
  m_GameObject: {fileID: 5040265732804876027}
  m_LocalRotation: {x: -2.1465137e-10, y: 0.000000021725587, z: -0.030538516, w: 0.9995336}
  m_LocalPosition: {x: -0.2180803, y: 0, z: -7.8543964e-13}
  m_LocalScale: {x: 0.99999994, y: 0.99999994, z: 1}
  m_Children:
  - {fileID: 5043939243082496707}
  - {fileID: 5043730357704995677}
  - {fileID: 5043867648208751047}
  m_Father: {fileID: 5035529848234677581}
  m_RootOrder: 0
  m_LocalEulerAnglesHint: {x: 0, y: 0, z: 0}
--- !u!1 &5040276593495018299
GameObject:
  m_ObjectHideFlags: 0
  m_CorrespondingSourceObject: {fileID: 0}
  m_PrefabInstance: {fileID: 0}
  m_PrefabAsset: {fileID: 0}
  serializedVersion: 6
  m_Component:
  - component: {fileID: 5043811213365254803}
  m_Layer: 0
  m_Name: LeftHandRing1
  m_TagString: Untagged
  m_Icon: {fileID: 0}
  m_NavMeshLayer: 0
  m_StaticEditorFlags: 0
  m_IsActive: 1
--- !u!4 &5043811213365254803
Transform:
  m_ObjectHideFlags: 0
  m_CorrespondingSourceObject: {fileID: 0}
  m_PrefabInstance: {fileID: 0}
  m_PrefabAsset: {fileID: 0}
  m_GameObject: {fileID: 5040276593495018299}
  m_LocalRotation: {x: -0.028518137, y: -0.04352979, z: 0.05458277, w: 0.99715227}
  m_LocalPosition: {x: -0.0975922, y: -0.0044623245, z: -0.022597628}
  m_LocalScale: {x: 0.9999996, y: 1.0000007, z: 0.9999995}
  m_Children:
  - {fileID: 5043676873684498343}
  m_Father: {fileID: 5035498579340309859}
  m_RootOrder: 3
  m_LocalEulerAnglesHint: {x: 0, y: 0, z: 0}
--- !u!1 &5040290591206552939
GameObject:
  m_ObjectHideFlags: 0
  m_CorrespondingSourceObject: {fileID: 0}
  m_PrefabInstance: {fileID: 0}
  m_PrefabAsset: {fileID: 0}
  serializedVersion: 6
  m_Component:
  - component: {fileID: 5035535485799024359}
  m_Layer: 0
  m_Name: Point008
  m_TagString: Untagged
  m_Icon: {fileID: 0}
  m_NavMeshLayer: 0
  m_StaticEditorFlags: 0
  m_IsActive: 1
--- !u!4 &5035535485799024359
Transform:
  m_ObjectHideFlags: 0
  m_CorrespondingSourceObject: {fileID: 0}
  m_PrefabInstance: {fileID: 0}
  m_PrefabAsset: {fileID: 0}
  m_GameObject: {fileID: 5040290591206552939}
  m_LocalRotation: {x: -0.8468092, y: 0.024584258, z: -0.0386994, w: 0.5299171}
  m_LocalPosition: {x: 0.0000013080597, y: -0.00002424755, z: -0.000112880705}
  m_LocalScale: {x: 0.9999994, y: 1.0000005, z: 1}
  m_Children: []
  m_Father: {fileID: 5043990618961377749}
  m_RootOrder: 4
  m_LocalEulerAnglesHint: {x: 0, y: 0, z: 0}
--- !u!1 &5040292151559438019
GameObject:
  m_ObjectHideFlags: 0
  m_CorrespondingSourceObject: {fileID: 0}
  m_PrefabInstance: {fileID: 0}
  m_PrefabAsset: {fileID: 0}
  serializedVersion: 6
  m_Component:
  - component: {fileID: 5043721050440295645}
  m_Layer: 0
  m_Name: RightHandLittle2
  m_TagString: Untagged
  m_Icon: {fileID: 0}
  m_NavMeshLayer: 0
  m_StaticEditorFlags: 0
  m_IsActive: 1
--- !u!4 &5043721050440295645
Transform:
  m_ObjectHideFlags: 0
  m_CorrespondingSourceObject: {fileID: 0}
  m_PrefabInstance: {fileID: 0}
  m_PrefabAsset: {fileID: 0}
  m_GameObject: {fileID: 5040292151559438019}
  m_LocalRotation: {x: 0.00080034556, y: -0.019226119, z: 0.06715567, w: 0.9975569}
  m_LocalPosition: {x: -0.027563822, y: -0.00000009689331, z: 0.000000024223327}
  m_LocalScale: {x: 0.99999577, y: 1.000004, z: 1.0000002}
  m_Children:
  - {fileID: 5035570417546155019}
  m_Father: {fileID: 5035452514096551699}
  m_RootOrder: 0
  m_LocalEulerAnglesHint: {x: 0, y: 0, z: 0}
--- !u!1 &5040294983411716131
GameObject:
  m_ObjectHideFlags: 0
  m_CorrespondingSourceObject: {fileID: 0}
  m_PrefabInstance: {fileID: 0}
  m_PrefabAsset: {fileID: 0}
  serializedVersion: 6
  m_Component:
  - component: {fileID: 5035354323240628925}
  m_Layer: 0
  m_Name: RightHandThumb3
  m_TagString: Untagged
  m_Icon: {fileID: 0}
  m_NavMeshLayer: 0
  m_StaticEditorFlags: 0
  m_IsActive: 1
--- !u!4 &5035354323240628925
Transform:
  m_ObjectHideFlags: 0
  m_CorrespondingSourceObject: {fileID: 0}
  m_PrefabInstance: {fileID: 0}
  m_PrefabAsset: {fileID: 0}
  m_GameObject: {fileID: 5040294983411716131}
  m_LocalRotation: {x: 0.0017723463, y: 0.036698356, z: 0.09407221, w: 0.9948872}
  m_LocalPosition: {x: -0.035799753, y: 0.000000072669984, z: 0.00000009689331}
  m_LocalScale: {x: 0.99999624, y: 1, z: 1.0000035}
  m_Children: []
  m_Father: {fileID: 5035565084998676201}
  m_RootOrder: 0
  m_LocalEulerAnglesHint: {x: 0, y: 0, z: 0}
--- !u!1 &5040302679275156399
GameObject:
  m_ObjectHideFlags: 0
  m_CorrespondingSourceObject: {fileID: 0}
  m_PrefabInstance: {fileID: 0}
  m_PrefabAsset: {fileID: 0}
  serializedVersion: 6
  m_Component:
  - component: {fileID: 5043676873684498343}
  m_Layer: 0
  m_Name: LeftHandRing2
  m_TagString: Untagged
  m_Icon: {fileID: 0}
  m_NavMeshLayer: 0
  m_StaticEditorFlags: 0
  m_IsActive: 1
--- !u!4 &5043676873684498343
Transform:
  m_ObjectHideFlags: 0
  m_CorrespondingSourceObject: {fileID: 0}
  m_PrefabInstance: {fileID: 0}
  m_PrefabAsset: {fileID: 0}
  m_GameObject: {fileID: 5040302679275156399}
  m_LocalRotation: {x: 0.014326442, y: 0.0123661375, z: 0.13793649, w: 0.99026024}
  m_LocalPosition: {x: -0.040160242, y: 0, z: 0}
  m_LocalScale: {x: 0.99999934, y: 1.000001, z: 0.99999964}
  m_Children:
  - {fileID: 5035401981115728091}
  m_Father: {fileID: 5043811213365254803}
  m_RootOrder: 0
  m_LocalEulerAnglesHint: {x: 0, y: 0, z: 0}
--- !u!1 &5040311853702337537
GameObject:
  m_ObjectHideFlags: 0
  m_CorrespondingSourceObject: {fileID: 0}
  m_PrefabInstance: {fileID: 0}
  m_PrefabAsset: {fileID: 0}
  serializedVersion: 6
  m_Component:
  - component: {fileID: 5035570417546155019}
  m_Layer: 0
  m_Name: RightHandLittle3
  m_TagString: Untagged
  m_Icon: {fileID: 0}
  m_NavMeshLayer: 0
  m_StaticEditorFlags: 0
  m_IsActive: 1
--- !u!4 &5035570417546155019
Transform:
  m_ObjectHideFlags: 0
  m_CorrespondingSourceObject: {fileID: 0}
  m_PrefabInstance: {fileID: 0}
  m_PrefabAsset: {fileID: 0}
  m_GameObject: {fileID: 5040311853702337537}
  m_LocalRotation: {x: 0.009163675, y: 0.048863746, z: 0.00082158437, w: 0.9987631}
  m_LocalPosition: {x: -0.022170061, y: 0, z: 0.000000012111664}
  m_LocalScale: {x: 0.9999961, y: 1.000004, z: 1}
  m_Children: []
  m_Father: {fileID: 5043721050440295645}
  m_RootOrder: 0
  m_LocalEulerAnglesHint: {x: 0, y: 0, z: 0}
--- !u!1 &5040318947586591075
GameObject:
  m_ObjectHideFlags: 0
  m_CorrespondingSourceObject: {fileID: 0}
  m_PrefabInstance: {fileID: 0}
  m_PrefabAsset: {fileID: 0}
  serializedVersion: 6
  m_Component:
  - component: {fileID: 5043493743256344699}
  m_Layer: 0
  m_Name: LeftHandIndex3
  m_TagString: Untagged
  m_Icon: {fileID: 0}
  m_NavMeshLayer: 0
  m_StaticEditorFlags: 0
  m_IsActive: 1
--- !u!4 &5043493743256344699
Transform:
  m_ObjectHideFlags: 0
  m_CorrespondingSourceObject: {fileID: 0}
  m_PrefabInstance: {fileID: 0}
  m_PrefabAsset: {fileID: 0}
  m_GameObject: {fileID: 5040318947586591075}
  m_LocalRotation: {x: -0.0054008346, y: 0.06647271, z: 0.08523968, w: 0.99412596}
  m_LocalPosition: {x: -0.035623502, y: 0, z: -0.000000006055832}
  m_LocalScale: {x: 0.99999964, y: 1.0000007, z: 0.99999964}
  m_Children: []
  m_Father: {fileID: 5035140818114053387}
  m_RootOrder: 0
  m_LocalEulerAnglesHint: {x: 0, y: 0, z: 0}
--- !u!1 &5040319336207518689
GameObject:
  m_ObjectHideFlags: 0
  m_CorrespondingSourceObject: {fileID: 0}
  m_PrefabInstance: {fileID: 0}
  m_PrefabAsset: {fileID: 0}
  serializedVersion: 6
  m_Component:
  - component: {fileID: 5043968370111985303}
  - component: {fileID: 4907074743974073167}
  m_Layer: 0
  m_Name: Mask_01
  m_TagString: Untagged
  m_Icon: {fileID: 0}
  m_NavMeshLayer: 0
  m_StaticEditorFlags: 0
  m_IsActive: 1
--- !u!4 &5043968370111985303
Transform:
  m_ObjectHideFlags: 0
  m_CorrespondingSourceObject: {fileID: 0}
  m_PrefabInstance: {fileID: 0}
  m_PrefabAsset: {fileID: 0}
  m_GameObject: {fileID: 5040319336207518689}
  m_LocalRotation: {x: -0.7071068, y: 0, z: -0, w: 0.7071068}
  m_LocalPosition: {x: -0, y: 0, z: 0}
  m_LocalScale: {x: 0.9721373, y: 0.9721373, z: 0.9721373}
  m_Children: []
  m_Father: {fileID: 5035033148006042823}
  m_RootOrder: 7
  m_LocalEulerAnglesHint: {x: 0, y: 0, z: 0}
--- !u!137 &4907074743974073167
SkinnedMeshRenderer:
  m_ObjectHideFlags: 0
  m_CorrespondingSourceObject: {fileID: 0}
  m_PrefabInstance: {fileID: 0}
  m_PrefabAsset: {fileID: 0}
  m_GameObject: {fileID: 5040319336207518689}
  m_Enabled: 1
  m_CastShadows: 1
  m_ReceiveShadows: 1
  m_DynamicOccludee: 1
  m_MotionVectors: 1
  m_LightProbeUsage: 1
  m_ReflectionProbeUsage: 1
  m_RayTracingMode: 0
  m_RenderingLayerMask: 1
  m_RendererPriority: 0
  m_Materials:
  - {fileID: 2100000, guid: 067d06943f8ebdf4682a4f7622826af7, type: 2}
  m_StaticBatchInfo:
    firstSubMesh: 0
    subMeshCount: 0
  m_StaticBatchRoot: {fileID: 0}
  m_ProbeAnchor: {fileID: 0}
  m_LightProbeVolumeOverride: {fileID: 0}
  m_ScaleInLightmap: 1
  m_ReceiveGI: 1
  m_PreserveUVs: 0
  m_IgnoreNormalsForChartDetection: 0
  m_ImportantGI: 0
  m_StitchLightmapSeams: 1
  m_SelectedEditorRenderState: 3
  m_MinimumChartSize: 4
  m_AutoUVMaxDistance: 0.5
  m_AutoUVMaxAngle: 89
  m_LightmapParameters: {fileID: 0}
  m_SortingLayerID: 0
  m_SortingLayer: 0
  m_SortingOrder: 0
  serializedVersion: 2
  m_Quality: 0
  m_UpdateWhenOffscreen: 0
  m_SkinnedMotionVectors: 1
  m_Mesh: {fileID: 4300004, guid: bf2f6596427fc20428c0a91abb83e1ee, type: 3}
  m_Bones:
  - {fileID: 5035526610267195169}
  - {fileID: 5043730357704995677}
  - {fileID: 5035186861272831389}
  - {fileID: 5043981924681641167}
  - {fileID: 5043939243082496707}
  - {fileID: 5035529848234677581}
  - {fileID: 5043867648208751047}
  - {fileID: 5035439597995096797}
  - {fileID: 5035546291046727099}
  m_BlendShapeWeights: []
  m_RootBone: {fileID: 5035546291046727099}
  m_AABB:
    m_Center: {x: -0.64161897, y: 0.026705686, z: 0.01144854}
    m_Extent: {x: 0.1372757, y: 0.12798956, z: 0.11276884}
  m_DirtyAABB: 0
--- !u!1 &5040345275900775407
GameObject:
  m_ObjectHideFlags: 0
  m_CorrespondingSourceObject: {fileID: 0}
  m_PrefabInstance: {fileID: 0}
  m_PrefabAsset: {fileID: 0}
  serializedVersion: 6
  m_Component:
  - component: {fileID: 5043948993472110819}
  m_Layer: 0
  m_Name: RightPlatform
  m_TagString: Untagged
  m_Icon: {fileID: 0}
  m_NavMeshLayer: 0
  m_StaticEditorFlags: 0
  m_IsActive: 1
--- !u!4 &5043948993472110819
Transform:
  m_ObjectHideFlags: 0
  m_CorrespondingSourceObject: {fileID: 0}
  m_PrefabInstance: {fileID: 0}
  m_PrefabAsset: {fileID: 0}
  m_GameObject: {fileID: 5040345275900775407}
  m_LocalRotation: {x: 0.47771448, y: -0.47771448, z: -0.52133375, w: 0.52133375}
  m_LocalPosition: {x: 0.17501634, y: -0.000000009824899, z: 0.013675469}
  m_LocalScale: {x: 1, y: 1, z: 1}
  m_Children: []
  m_Father: {fileID: 5035033148006042823}
  m_RootOrder: 9
  m_LocalEulerAnglesHint: {x: 0, y: 0, z: 0}
--- !u!1 &5040346232511158747
GameObject:
  m_ObjectHideFlags: 0
  m_CorrespondingSourceObject: {fileID: 0}
  m_PrefabInstance: {fileID: 0}
  m_PrefabAsset: {fileID: 0}
  serializedVersion: 6
  m_Component:
  - component: {fileID: 5035401981115728091}
  m_Layer: 0
  m_Name: LeftHandRing3
  m_TagString: Untagged
  m_Icon: {fileID: 0}
  m_NavMeshLayer: 0
  m_StaticEditorFlags: 0
  m_IsActive: 1
--- !u!4 &5035401981115728091
Transform:
  m_ObjectHideFlags: 0
  m_CorrespondingSourceObject: {fileID: 0}
  m_PrefabInstance: {fileID: 0}
  m_PrefabAsset: {fileID: 0}
  m_GameObject: {fileID: 5040346232511158747}
  m_LocalRotation: {x: -0.013960256, y: 0.00031086293, z: 0.043505266, w: 0.9989556}
  m_LocalPosition: {x: -0.030260459, y: 0.00000009689331, z: -0.000000024223327}
  m_LocalScale: {x: 0.9999988, y: 1.0000015, z: 0.9999996}
  m_Children: []
  m_Father: {fileID: 5043676873684498343}
  m_RootOrder: 0
  m_LocalEulerAnglesHint: {x: 0, y: 0, z: 0}
--- !u!1 &5040665526088853451
GameObject:
  m_ObjectHideFlags: 0
  m_CorrespondingSourceObject: {fileID: 0}
  m_PrefabInstance: {fileID: 0}
  m_PrefabAsset: {fileID: 0}
  serializedVersion: 6
  m_Component:
  - component: {fileID: 5035440776344635707}
  m_Layer: 0
  m_Name: Root
  m_TagString: Untagged
  m_Icon: {fileID: 0}
  m_NavMeshLayer: 0
  m_StaticEditorFlags: 0
  m_IsActive: 1
--- !u!4 &5035440776344635707
Transform:
  m_ObjectHideFlags: 0
  m_CorrespondingSourceObject: {fileID: 0}
  m_PrefabInstance: {fileID: 0}
  m_PrefabAsset: {fileID: 0}
  m_GameObject: {fileID: 5040665526088853451}
  m_LocalRotation: {x: 0.5000008, y: -0.5000008, z: -0.49999928, w: 0.49999928}
  m_LocalPosition: {x: -0.00000002962447, y: -0.00000007101425, z: -0.00000002800228}
  m_LocalScale: {x: 1, y: 1, z: 1}
  m_Children:
  - {fileID: 5035546291046727099}
  m_Father: {fileID: 5035033148006042823}
  m_RootOrder: 10
  m_LocalEulerAnglesHint: {x: 0, y: 0, z: 0}
--- !u!1 &5040691770041843051
GameObject:
  m_ObjectHideFlags: 0
  m_CorrespondingSourceObject: {fileID: 0}
  m_PrefabInstance: {fileID: 0}
  m_PrefabAsset: {fileID: 0}
  serializedVersion: 6
  m_Component:
  - component: {fileID: 5043570546001801639}
  m_Layer: 0
  m_Name: Point005
  m_TagString: Untagged
  m_Icon: {fileID: 0}
  m_NavMeshLayer: 0
  m_StaticEditorFlags: 0
  m_IsActive: 1
--- !u!4 &5043570546001801639
Transform:
  m_ObjectHideFlags: 0
  m_CorrespondingSourceObject: {fileID: 0}
  m_PrefabInstance: {fileID: 0}
  m_PrefabAsset: {fileID: 0}
  m_GameObject: {fileID: 5040691770041843051}
  m_LocalRotation: {x: 0.33332184, y: -0.0000009251804, z: -0.00000047106482, w: 0.9428131}
  m_LocalPosition: {x: -0.1350155, y: -0.000000072669984, z: 0.00000009689331}
  m_LocalScale: {x: 0.99999964, y: 0.99999976, z: 0.99999976}
  m_Children: []
  m_Father: {fileID: 5043990618961377749}
  m_RootOrder: 3
  m_LocalEulerAnglesHint: {x: 0, y: 0, z: 0}
--- !u!1 &5040698881219985033
GameObject:
  m_ObjectHideFlags: 0
  m_CorrespondingSourceObject: {fileID: 0}
  m_PrefabInstance: {fileID: 0}
  m_PrefabAsset: {fileID: 0}
  serializedVersion: 6
  m_Component:
  - component: {fileID: 5035504314900037499}
  - component: {fileID: 4906291507963937677}
  m_Layer: 0
  m_Name: Heavy_armor_01
  m_TagString: Untagged
  m_Icon: {fileID: 0}
  m_NavMeshLayer: 0
  m_StaticEditorFlags: 0
  m_IsActive: 1
--- !u!4 &5035504314900037499
Transform:
  m_ObjectHideFlags: 0
  m_CorrespondingSourceObject: {fileID: 0}
  m_PrefabInstance: {fileID: 0}
  m_PrefabAsset: {fileID: 0}
  m_GameObject: {fileID: 5040698881219985033}
  m_LocalRotation: {x: 0.000000021855694, y: -0, z: -0, w: 1}
  m_LocalPosition: {x: -0, y: 0, z: 0}
  m_LocalScale: {x: 0.9721373, y: 0.9721373, z: 0.9721373}
  m_Children: []
  m_Father: {fileID: 5035033148006042823}
  m_RootOrder: 4
  m_LocalEulerAnglesHint: {x: 0, y: 0, z: 0}
--- !u!137 &4906291507963937677
SkinnedMeshRenderer:
  m_ObjectHideFlags: 0
  m_CorrespondingSourceObject: {fileID: 0}
  m_PrefabInstance: {fileID: 0}
  m_PrefabAsset: {fileID: 0}
  m_GameObject: {fileID: 5040698881219985033}
  m_Enabled: 1
  m_CastShadows: 1
  m_ReceiveShadows: 1
  m_DynamicOccludee: 1
  m_MotionVectors: 1
  m_LightProbeUsage: 1
  m_ReflectionProbeUsage: 1
  m_RayTracingMode: 0
  m_RenderingLayerMask: 1
  m_RendererPriority: 0
  m_Materials:
  - {fileID: 2100000, guid: c356525565ec58341a6c3d09a492287a, type: 2}
  m_StaticBatchInfo:
    firstSubMesh: 0
    subMeshCount: 0
  m_StaticBatchRoot: {fileID: 0}
  m_ProbeAnchor: {fileID: 0}
  m_LightProbeVolumeOverride: {fileID: 0}
  m_ScaleInLightmap: 1
  m_ReceiveGI: 1
  m_PreserveUVs: 0
  m_IgnoreNormalsForChartDetection: 0
  m_ImportantGI: 0
  m_StitchLightmapSeams: 1
  m_SelectedEditorRenderState: 3
  m_MinimumChartSize: 4
  m_AutoUVMaxDistance: 0.5
  m_AutoUVMaxAngle: 89
  m_LightmapParameters: {fileID: 0}
  m_SortingLayerID: 0
  m_SortingLayer: 0
  m_SortingOrder: 0
  serializedVersion: 2
  m_Quality: 0
  m_UpdateWhenOffscreen: 0
  m_SkinnedMotionVectors: 1
  m_Mesh: {fileID: 4300006, guid: bf2f6596427fc20428c0a91abb83e1ee, type: 3}
  m_Bones:
  - {fileID: 5043981924681641167}
  - {fileID: 5043939243082496707}
  - {fileID: 5035186861272831389}
  - {fileID: 5035529848234677581}
  - {fileID: 5035526610267195169}
  - {fileID: 5043730357704995677}
  - {fileID: 5043990618961377749}
  - {fileID: 5043867648208751047}
  - {fileID: 5035546291046727099}
  - {fileID: 5035573229649959231}
  - {fileID: 5043478601311253451}
  - {fileID: 5043659172542158381}
  - {fileID: 5043640135198140195}
  - {fileID: 5035498579340309859}
  - {fileID: 5043818444569354577}
  - {fileID: 5035404109137758437}
  - {fileID: 5043643710218391799}
  - {fileID: 5043947870535535785}
  - {fileID: 5043811213365254803}
  - {fileID: 5043822038952458099}
  - {fileID: 5035140818114053387}
  - {fileID: 5035372817141861375}
  - {fileID: 5043676873684498343}
  - {fileID: 5035439597995096797}
  - {fileID: 5035508070155539885}
  - {fileID: 5043487630714213451}
  - {fileID: 5043549748395528665}
  - {fileID: 5043954847831744723}
  - {fileID: 5043675666030094647}
  - {fileID: 5035565084998676201}
  - {fileID: 5043492231434843139}
  - {fileID: 5044017432812739651}
  - {fileID: 5035144464899820009}
  - {fileID: 5035452514096551699}
  - {fileID: 5043720394970210523}
  - {fileID: 5043721050440295645}
  - {fileID: 5035200337101330391}
  - {fileID: 5043489555731413893}
  m_BlendShapeWeights: []
  m_RootBone: {fileID: 5035546291046727099}
  m_AABB:
    m_Center: {x: -0.1392026, y: 0.006532848, z: 0.0071397126}
    m_Extent: {x: 0.5015286, y: 0.23696749, z: 0.6912546}
  m_DirtyAABB: 0
--- !u!1 &5040705177325344883
GameObject:
  m_ObjectHideFlags: 0
  m_CorrespondingSourceObject: {fileID: 0}
  m_PrefabInstance: {fileID: 0}
  m_PrefabAsset: {fileID: 0}
  serializedVersion: 6
  m_Component:
  - component: {fileID: 5035501585520607443}
  m_Layer: 0
  m_Name: RightToeBase
  m_TagString: Untagged
  m_Icon: {fileID: 0}
  m_NavMeshLayer: 0
  m_StaticEditorFlags: 0
  m_IsActive: 1
--- !u!4 &5035501585520607443
Transform:
  m_ObjectHideFlags: 0
  m_CorrespondingSourceObject: {fileID: 0}
  m_PrefabInstance: {fileID: 0}
  m_PrefabAsset: {fileID: 0}
  m_GameObject: {fileID: 5040705177325344883}
  m_LocalRotation: {x: -0.019144315, y: -0.059817098, z: -0.32452974, w: 0.94378805}
  m_LocalPosition: {x: -0.17033598, y: 0.000000009083748, z: 0.000000012111664}
  m_LocalScale: {x: 1.0000023, y: 0.99999756, z: 1}
  m_Children: []
  m_Father: {fileID: 5035224706206617777}
  m_RootOrder: 0
  m_LocalEulerAnglesHint: {x: 0, y: 0, z: 0}
--- !u!1 &5040711344535578577
GameObject:
  m_ObjectHideFlags: 0
  m_CorrespondingSourceObject: {fileID: 0}
  m_PrefabInstance: {fileID: 0}
  m_PrefabAsset: {fileID: 0}
  serializedVersion: 6
  m_Component:
  - component: {fileID: 5043990618961377749}
  m_Layer: 0
  m_Name: LeftForeArm
  m_TagString: Untagged
  m_Icon: {fileID: 0}
  m_NavMeshLayer: 0
  m_StaticEditorFlags: 0
  m_IsActive: 1
--- !u!4 &5043990618961377749
Transform:
  m_ObjectHideFlags: 0
  m_CorrespondingSourceObject: {fileID: 0}
  m_PrefabInstance: {fileID: 0}
  m_PrefabAsset: {fileID: 0}
  m_GameObject: {fileID: 5040711344535578577}
  m_LocalRotation: {x: -0.023190126, y: -0.10659664, z: -0.33373797, w: 0.9363324}
  m_LocalPosition: {x: -0.3068854, y: 0.00000009689331, z: 0.00000019378662}
  m_LocalScale: {x: 0.9999998, y: 0.9999997, z: 1.0000004}
  m_Children:
  - {fileID: 5043688725668160947}
  - {fileID: 5043640135198140195}
  - {fileID: 5035498579340309859}
  - {fileID: 5043570546001801639}
  - {fileID: 5035535485799024359}
  m_Father: {fileID: 5043981924681641167}
  m_RootOrder: 0
  m_LocalEulerAnglesHint: {x: 0, y: 0, z: 0}
--- !u!1 &5040711799274397789
GameObject:
  m_ObjectHideFlags: 0
  m_CorrespondingSourceObject: {fileID: 0}
  m_PrefabInstance: {fileID: 0}
  m_PrefabAsset: {fileID: 0}
  serializedVersion: 6
  m_Component:
  - component: {fileID: 5043947870535535785}
  m_Layer: 0
  m_Name: LeftHandMiddle1
  m_TagString: Untagged
  m_Icon: {fileID: 0}
  m_NavMeshLayer: 0
  m_StaticEditorFlags: 0
  m_IsActive: 1
--- !u!4 &5043947870535535785
Transform:
  m_ObjectHideFlags: 0
  m_CorrespondingSourceObject: {fileID: 0}
  m_PrefabInstance: {fileID: 0}
  m_PrefabAsset: {fileID: 0}
  m_GameObject: {fileID: 5040711799274397789}
  m_LocalRotation: {x: 0.023164943, y: -0.012667017, z: 0.07140545, w: 0.9970979}
  m_LocalPosition: {x: -0.101380266, y: 0.007346257, z: 0.003988189}
  m_LocalScale: {x: 0.9999996, y: 1.0000004, z: 0.9999998}
  m_Children:
  - {fileID: 5035339111281928811}
  m_Father: {fileID: 5035498579340309859}
  m_RootOrder: 2
  m_LocalEulerAnglesHint: {x: 0, y: 0, z: 0}
--- !u!1 &5040719445123394641
GameObject:
  m_ObjectHideFlags: 0
  m_CorrespondingSourceObject: {fileID: 0}
  m_PrefabInstance: {fileID: 0}
  m_PrefabAsset: {fileID: 0}
  serializedVersion: 6
  m_Component:
  - component: {fileID: 5035224706206617777}
  m_Layer: 0
  m_Name: RightFoot
  m_TagString: Untagged
  m_Icon: {fileID: 0}
  m_NavMeshLayer: 0
  m_StaticEditorFlags: 0
  m_IsActive: 1
--- !u!4 &5035224706206617777
Transform:
  m_ObjectHideFlags: 0
  m_CorrespondingSourceObject: {fileID: 0}
  m_PrefabInstance: {fileID: 0}
  m_PrefabAsset: {fileID: 0}
  m_GameObject: {fileID: 5040719445123394641}
  m_LocalRotation: {x: 0.067779, y: -0.01657275, z: -0.53816843, w: 0.8399441}
  m_LocalPosition: {x: -0.42191592, y: -0.000000012111664, z: 0}
  m_LocalScale: {x: 0.9999987, y: 1.0000012, z: 1.0000001}
  m_Children:
  - {fileID: 5035501585520607443}
  m_Father: {fileID: 5043487630714213451}
  m_RootOrder: 0
  m_LocalEulerAnglesHint: {x: 0, y: 0, z: 0}
--- !u!1 &5040780381611507607
GameObject:
  m_ObjectHideFlags: 0
  m_CorrespondingSourceObject: {fileID: 0}
  m_PrefabInstance: {fileID: 0}
  m_PrefabAsset: {fileID: 0}
  serializedVersion: 6
  m_Component:
  - component: {fileID: 5035524492083536649}
  - component: {fileID: 4906283468717729381}
  m_Layer: 0
  m_Name: Pockets
  m_TagString: Untagged
  m_Icon: {fileID: 0}
  m_NavMeshLayer: 0
  m_StaticEditorFlags: 0
  m_IsActive: 1
--- !u!4 &5035524492083536649
Transform:
  m_ObjectHideFlags: 0
  m_CorrespondingSourceObject: {fileID: 0}
  m_PrefabInstance: {fileID: 0}
  m_PrefabAsset: {fileID: 0}
  m_GameObject: {fileID: 5040780381611507607}
  m_LocalRotation: {x: 0.000000021855694, y: -0, z: -0, w: 1}
  m_LocalPosition: {x: -0, y: 0, z: 0}
  m_LocalScale: {x: 0.9721373, y: 0.9721373, z: 0.9721373}
  m_Children: []
  m_Father: {fileID: 5035033148006042823}
  m_RootOrder: 8
  m_LocalEulerAnglesHint: {x: 0, y: 0, z: 0}
--- !u!137 &4906283468717729381
SkinnedMeshRenderer:
  m_ObjectHideFlags: 0
  m_CorrespondingSourceObject: {fileID: 0}
  m_PrefabInstance: {fileID: 0}
  m_PrefabAsset: {fileID: 0}
  m_GameObject: {fileID: 5040780381611507607}
  m_Enabled: 1
  m_CastShadows: 1
  m_ReceiveShadows: 1
  m_DynamicOccludee: 1
  m_MotionVectors: 1
  m_LightProbeUsage: 1
  m_ReflectionProbeUsage: 1
  m_RayTracingMode: 0
  m_RenderingLayerMask: 1
  m_RendererPriority: 0
  m_Materials:
  - {fileID: 2100000, guid: c356525565ec58341a6c3d09a492287a, type: 2}
  m_StaticBatchInfo:
    firstSubMesh: 0
    subMeshCount: 0
  m_StaticBatchRoot: {fileID: 0}
  m_ProbeAnchor: {fileID: 0}
  m_LightProbeVolumeOverride: {fileID: 0}
  m_ScaleInLightmap: 1
  m_ReceiveGI: 1
  m_PreserveUVs: 0
  m_IgnoreNormalsForChartDetection: 0
  m_ImportantGI: 0
  m_StitchLightmapSeams: 1
  m_SelectedEditorRenderState: 3
  m_MinimumChartSize: 4
  m_AutoUVMaxDistance: 0.5
  m_AutoUVMaxAngle: 89
  m_LightmapParameters: {fileID: 0}
  m_SortingLayerID: 0
  m_SortingLayer: 0
  m_SortingOrder: 0
  serializedVersion: 2
  m_Quality: 0
  m_UpdateWhenOffscreen: 0
  m_SkinnedMotionVectors: 1
  m_Mesh: {fileID: 4300012, guid: bf2f6596427fc20428c0a91abb83e1ee, type: 3}
  m_Bones:
  - {fileID: 5035186861272831389}
  - {fileID: 5035546291046727099}
  - {fileID: 5043981924681641167}
  - {fileID: 5043939243082496707}
  - {fileID: 5035573229649959231}
  - {fileID: 5043478601311253451}
  - {fileID: 5035529848234677581}
  - {fileID: 5035439597995096797}
  - {fileID: 5043867648208751047}
  m_BlendShapeWeights: []
  m_RootBone: {fileID: 5035546291046727099}
  m_AABB:
    m_Center: {x: -0.23774931, y: 0.034275033, z: -0.0023489594}
    m_Extent: {x: 0.14147148, y: 0.11855828, z: 0.2559809}
  m_DirtyAABB: 0
--- !u!1 &5040790843491843513
GameObject:
  m_ObjectHideFlags: 0
  m_CorrespondingSourceObject: {fileID: 0}
  m_PrefabInstance: {fileID: 0}
  m_PrefabAsset: {fileID: 0}
  serializedVersion: 6
  m_Component:
  - component: {fileID: 5035200337101330391}
  m_Layer: 0
  m_Name: RightHandRing2
  m_TagString: Untagged
  m_Icon: {fileID: 0}
  m_NavMeshLayer: 0
  m_StaticEditorFlags: 0
  m_IsActive: 1
--- !u!4 &5035200337101330391
Transform:
  m_ObjectHideFlags: 0
  m_CorrespondingSourceObject: {fileID: 0}
  m_PrefabInstance: {fileID: 0}
  m_PrefabAsset: {fileID: 0}
  m_GameObject: {fileID: 5040790843491843513}
  m_LocalRotation: {x: -0.027427394, y: -0.022872979, z: -0.004858565, w: 0.9993503}
  m_LocalPosition: {x: -0.028143099, y: 0.00000009689331, z: -0.000000024223327}
  m_LocalScale: {x: 0.99999505, y: 1.0000048, z: 1.0000002}
  m_Children:
  - {fileID: 5043608747760233907}
  m_Father: {fileID: 5035144464899820009}
  m_RootOrder: 0
  m_LocalEulerAnglesHint: {x: 0, y: 0, z: 0}
--- !u!1 &5040796694865567755
GameObject:
  m_ObjectHideFlags: 0
  m_CorrespondingSourceObject: {fileID: 0}
  m_PrefabInstance: {fileID: 0}
  m_PrefabAsset: {fileID: 0}
  serializedVersion: 6
  m_Component:
  - component: {fileID: 5035452514096551699}
  m_Layer: 0
  m_Name: RightHandLittle1
  m_TagString: Untagged
  m_Icon: {fileID: 0}
  m_NavMeshLayer: 0
  m_StaticEditorFlags: 0
  m_IsActive: 1
--- !u!4 &5035452514096551699
Transform:
  m_ObjectHideFlags: 0
  m_CorrespondingSourceObject: {fileID: 0}
  m_PrefabInstance: {fileID: 0}
  m_PrefabAsset: {fileID: 0}
  m_GameObject: {fileID: 5040796694865567755}
  m_LocalRotation: {x: 0.027751455, y: 0.06466903, z: 0.16451237, w: 0.9838615}
  m_LocalPosition: {x: -0.10477548, y: 0.0069797095, z: 0.049375582}
  m_LocalScale: {x: 0.9999953, y: 1.0000046, z: 1}
  m_Children:
  - {fileID: 5043721050440295645}
  m_Father: {fileID: 5043954847831744723}
  m_RootOrder: 1
  m_LocalEulerAnglesHint: {x: 0, y: 0, z: 0}
--- !u!1 &5040822684213230525
GameObject:
  m_ObjectHideFlags: 0
  m_CorrespondingSourceObject: {fileID: 0}
  m_PrefabInstance: {fileID: 0}
  m_PrefabAsset: {fileID: 0}
  serializedVersion: 6
  m_Component:
  - component: {fileID: 5043720394970210523}
  m_Layer: 0
  m_Name: RightHandIndex2
  m_TagString: Untagged
  m_Icon: {fileID: 0}
  m_NavMeshLayer: 0
  m_StaticEditorFlags: 0
  m_IsActive: 1
--- !u!4 &5043720394970210523
Transform:
  m_ObjectHideFlags: 0
  m_CorrespondingSourceObject: {fileID: 0}
  m_PrefabInstance: {fileID: 0}
  m_PrefabAsset: {fileID: 0}
  m_GameObject: {fileID: 5040822684213230525}
  m_LocalRotation: {x: -0.015527651, y: -0.03439846, z: 0.041006997, w: 0.9984458}
  m_LocalPosition: {x: -0.025659965, y: 0.00000009689331, z: -0.000000012111664}
  m_LocalScale: {x: 0.9999954, y: 1.0000037, z: 1.0000006}
  m_Children:
  - {fileID: 5043671441956921319}
  m_Father: {fileID: 5043492231434843139}
  m_RootOrder: 0
  m_LocalEulerAnglesHint: {x: 0, y: 0, z: 0}
--- !u!1 &5040828560569056207
GameObject:
  m_ObjectHideFlags: 0
  m_CorrespondingSourceObject: {fileID: 0}
  m_PrefabInstance: {fileID: 0}
  m_PrefabAsset: {fileID: 0}
  serializedVersion: 6
  m_Component:
  - component: {fileID: 5043939243082496707}
  m_Layer: 0
  m_Name: LeftShoulder
  m_TagString: Untagged
  m_Icon: {fileID: 0}
  m_NavMeshLayer: 0
  m_StaticEditorFlags: 0
  m_IsActive: 1
--- !u!4 &5043939243082496707
Transform:
  m_ObjectHideFlags: 0
  m_CorrespondingSourceObject: {fileID: 0}
  m_PrefabInstance: {fileID: 0}
  m_PrefabAsset: {fileID: 0}
  m_GameObject: {fileID: 5040828560569056207}
  m_LocalRotation: {x: -0.011521306, y: 0.78404397, z: -0.031093802, w: 0.6198189}
  m_LocalPosition: {x: -0.13595681, y: -0.010296488, z: 0.046551626}
  m_LocalScale: {x: 1, y: 0.9999999, z: 0.9999999}
  m_Children:
  - {fileID: 5043981924681641167}
  m_Father: {fileID: 5035186861272831389}
  m_RootOrder: 0
  m_LocalEulerAnglesHint: {x: 0, y: 0, z: 0}
--- !u!1 &5040861889321657995
GameObject:
  m_ObjectHideFlags: 0
  m_CorrespondingSourceObject: {fileID: 0}
  m_PrefabInstance: {fileID: 0}
  m_PrefabAsset: {fileID: 0}
  serializedVersion: 6
  m_Component:
  - component: {fileID: 5035144464899820009}
  m_Layer: 0
  m_Name: RightHandRing1
  m_TagString: Untagged
  m_Icon: {fileID: 0}
  m_NavMeshLayer: 0
  m_StaticEditorFlags: 0
  m_IsActive: 1
--- !u!4 &5035144464899820009
Transform:
  m_ObjectHideFlags: 0
  m_CorrespondingSourceObject: {fileID: 0}
  m_PrefabInstance: {fileID: 0}
  m_PrefabAsset: {fileID: 0}
  m_GameObject: {fileID: 5040861889321657995}
  m_LocalRotation: {x: 0.03471291, y: 0.078801975, z: 0.20320424, w: 0.9753427}
  m_LocalPosition: {x: -0.11533094, y: 0.011017641, z: 0.023807751}
  m_LocalScale: {x: 0.99999493, y: 1.0000051, z: 1}
  m_Children:
  - {fileID: 5035200337101330391}
  m_Father: {fileID: 5043954847831744723}
  m_RootOrder: 3
  m_LocalEulerAnglesHint: {x: 0, y: 0, z: 0}
--- !u!1 &5040871208877129261
GameObject:
  m_ObjectHideFlags: 0
  m_CorrespondingSourceObject: {fileID: 0}
  m_PrefabInstance: {fileID: 0}
  m_PrefabAsset: {fileID: 0}
  serializedVersion: 6
  m_Component:
  - component: {fileID: 5043552230509154371}
  m_Layer: 0
  m_Name: Point010
  m_TagString: Untagged
  m_Icon: {fileID: 0}
  m_NavMeshLayer: 0
  m_StaticEditorFlags: 0
  m_IsActive: 1
--- !u!4 &5043552230509154371
Transform:
  m_ObjectHideFlags: 0
  m_CorrespondingSourceObject: {fileID: 0}
  m_PrefabInstance: {fileID: 0}
  m_PrefabAsset: {fileID: 0}
  m_GameObject: {fileID: 5040871208877129261}
  m_LocalRotation: {x: 0.8468136, y: -0.025204394, z: -0.037943296, w: 0.52993566}
  m_LocalPosition: {x: 0.000004457092, y: -0.0000006298065, z: 0.000001259613}
  m_LocalScale: {x: 1.0000018, y: 0.9999982, z: 1.0000001}
  m_Children: []
  m_Father: {fileID: 5035508070155539885}
  m_RootOrder: 3
  m_LocalEulerAnglesHint: {x: 0, y: 0, z: 0}
--- !u!1 &5040890557618345733
GameObject:
  m_ObjectHideFlags: 0
  m_CorrespondingSourceObject: {fileID: 0}
  m_PrefabInstance: {fileID: 0}
  m_PrefabAsset: {fileID: 0}
  serializedVersion: 6
  m_Component:
  - component: {fileID: 5044017432812739651}
  m_Layer: 0
  m_Name: RightHandMiddle1
  m_TagString: Untagged
  m_Icon: {fileID: 0}
  m_NavMeshLayer: 0
  m_StaticEditorFlags: 0
  m_IsActive: 1
--- !u!4 &5044017432812739651
Transform:
  m_ObjectHideFlags: 0
  m_CorrespondingSourceObject: {fileID: 0}
  m_PrefabInstance: {fileID: 0}
  m_PrefabAsset: {fileID: 0}
  m_GameObject: {fileID: 5040890557618345733}
  m_LocalRotation: {x: 0.000774476, y: -0.01195396, z: 0.12962827, w: 0.9914903}
  m_LocalPosition: {x: -0.12065576, y: 0.011454436, z: -0.003380547}
  m_LocalScale: {x: 0.99999577, y: 1.0000038, z: 1.0000002}
  m_Children:
  - {fileID: 5043489555731413893}
  m_Father: {fileID: 5043954847831744723}
  m_RootOrder: 2
  m_LocalEulerAnglesHint: {x: 0, y: 0, z: 0}
--- !u!1 &5040894766100443251
GameObject:
  m_ObjectHideFlags: 0
  m_CorrespondingSourceObject: {fileID: 0}
  m_PrefabInstance: {fileID: 0}
  m_PrefabAsset: {fileID: 0}
  serializedVersion: 6
  m_Component:
  - component: {fileID: 5035183849733379311}
  m_Layer: 0
  m_Name: Point006
  m_TagString: Untagged
  m_Icon: {fileID: 0}
  m_NavMeshLayer: 0
  m_StaticEditorFlags: 0
  m_IsActive: 1
--- !u!4 &5035183849733379311
Transform:
  m_ObjectHideFlags: 0
  m_CorrespondingSourceObject: {fileID: 0}
  m_PrefabInstance: {fileID: 0}
  m_PrefabAsset: {fileID: 0}
  m_GameObject: {fileID: 5040894766100443251}
  m_LocalRotation: {x: -0.23627026, y: -0.00015383148, z: -0.00007466206, w: 0.9716874}
  m_LocalPosition: {x: -0.13501519, y: -0.0000029067992, z: 0.000014049529}
  m_LocalScale: {x: 0.99999994, y: 1.0000029, z: 0.9999969}
  m_Children: []
  m_Father: {fileID: 5035508070155539885}
  m_RootOrder: 2
  m_LocalEulerAnglesHint: {x: 0, y: 0, z: 0}
--- !u!1 &5040908781800099955
GameObject:
  m_ObjectHideFlags: 0
  m_CorrespondingSourceObject: {fileID: 0}
  m_PrefabInstance: {fileID: 0}
  m_PrefabAsset: {fileID: 0}
  serializedVersion: 6
  m_Component:
  - component: {fileID: 5043640135198140195}
  m_Layer: 0
  m_Name: LeftForeArmTwist
  m_TagString: Untagged
  m_Icon: {fileID: 0}
  m_NavMeshLayer: 0
  m_StaticEditorFlags: 0
  m_IsActive: 1
--- !u!4 &5043640135198140195
Transform:
  m_ObjectHideFlags: 0
  m_CorrespondingSourceObject: {fileID: 0}
  m_PrefabInstance: {fileID: 0}
  m_PrefabAsset: {fileID: 0}
  m_GameObject: {fileID: 5040908781800099955}
  m_LocalRotation: {x: 0.00000049173786, y: -0.0000009387737, z: -0.00000063329907,
    w: 1}
  m_LocalPosition: {x: -0.14325559, y: -0.000000024223327, z: 0.00000009689331}
  m_LocalScale: {x: 0.99999976, y: 0.9999997, z: 1.0000004}
  m_Children: []
  m_Father: {fileID: 5043990618961377749}
  m_RootOrder: 1
  m_LocalEulerAnglesHint: {x: 0, y: 0, z: 0}
--- !u!1 &5040920660548366367
GameObject:
  m_ObjectHideFlags: 0
  m_CorrespondingSourceObject: {fileID: 0}
  m_PrefabInstance: {fileID: 0}
  m_PrefabAsset: {fileID: 0}
  serializedVersion: 6
  m_Component:
  - component: {fileID: 5043688725668160947}
  m_Layer: 0
  m_Name: ExposeTransform002
  m_TagString: Untagged
  m_Icon: {fileID: 0}
  m_NavMeshLayer: 0
  m_StaticEditorFlags: 0
  m_IsActive: 1
--- !u!4 &5043688725668160947
Transform:
  m_ObjectHideFlags: 0
  m_CorrespondingSourceObject: {fileID: 0}
  m_PrefabInstance: {fileID: 0}
  m_PrefabAsset: {fileID: 0}
  m_GameObject: {fileID: 5040920660548366367}
  m_LocalRotation: {x: 0.00000013411051, y: 0.00000019371514, z: 0.000000007450556,
    w: 1}
  m_LocalPosition: {x: -0, y: 0.000000024223327, z: -0.00000019378662}
  m_LocalScale: {x: 1.0000004, y: 1, z: 0.99999934}
  m_Children: []
  m_Father: {fileID: 5043990618961377749}
  m_RootOrder: 0
  m_LocalEulerAnglesHint: {x: 0, y: 0, z: 0}
--- !u!1 &5040943999372205739
GameObject:
  m_ObjectHideFlags: 0
  m_CorrespondingSourceObject: {fileID: 0}
  m_PrefabInstance: {fileID: 0}
  m_PrefabAsset: {fileID: 0}
  serializedVersion: 6
  m_Component:
  - component: {fileID: 5035203300968855863}
  m_Layer: 0
  m_Name: LeftFoot
  m_TagString: Untagged
  m_Icon: {fileID: 0}
  m_NavMeshLayer: 0
  m_StaticEditorFlags: 0
  m_IsActive: 1
--- !u!4 &5035203300968855863
Transform:
  m_ObjectHideFlags: 0
  m_CorrespondingSourceObject: {fileID: 0}
  m_PrefabInstance: {fileID: 0}
  m_PrefabAsset: {fileID: 0}
  m_GameObject: {fileID: 5040943999372205739}
  m_LocalRotation: {x: -0.038718704, y: 0.037724275, z: -0.54151547, w: 0.83895105}
  m_LocalPosition: {x: -0.42335415, y: 0, z: 0}
  m_LocalScale: {x: 0.9999995, y: 1.0000007, z: 0.99999946}
  m_Children:
  - {fileID: 5043660644708626935}
  m_Father: {fileID: 5043659172542158381}
  m_RootOrder: 0
  m_LocalEulerAnglesHint: {x: 0, y: 0, z: 0}
--- !u!1 &5040953310937854711
GameObject:
  m_ObjectHideFlags: 0
  m_CorrespondingSourceObject: {fileID: 0}
  m_PrefabInstance: {fileID: 0}
  m_PrefabAsset: {fileID: 0}
  serializedVersion: 6
  m_Component:
  - component: {fileID: 5043643710218391799}
  m_Layer: 0
  m_Name: LeftHandIndex1
  m_TagString: Untagged
  m_Icon: {fileID: 0}
  m_NavMeshLayer: 0
  m_StaticEditorFlags: 0
  m_IsActive: 1
--- !u!4 &5043643710218391799
Transform:
  m_ObjectHideFlags: 0
  m_CorrespondingSourceObject: {fileID: 0}
  m_PrefabInstance: {fileID: 0}
  m_PrefabAsset: {fileID: 0}
  m_GameObject: {fileID: 5040953310937854711}
  m_LocalRotation: {x: 0.014295767, y: -0.036374904, z: 0.12673537, w: 0.99116635}
  m_LocalPosition: {x: -0.098127484, y: -0.0007230179, z: 0.033049945}
  m_LocalScale: {x: 0.99999946, y: 1.0000005, z: 0.9999999}
  m_Children:
  - {fileID: 5035140818114053387}
  m_Father: {fileID: 5035498579340309859}
  m_RootOrder: 0
  m_LocalEulerAnglesHint: {x: 0, y: 0, z: 0}
--- !u!1 &5040957891150130853
GameObject:
  m_ObjectHideFlags: 0
  m_CorrespondingSourceObject: {fileID: 0}
  m_PrefabInstance: {fileID: 0}
  m_PrefabAsset: {fileID: 0}
  serializedVersion: 6
  m_Component:
  - component: {fileID: 5043549748395528665}
  m_Layer: 0
  m_Name: LeftForeArmTwist 1
  m_TagString: Untagged
  m_Icon: {fileID: 0}
  m_NavMeshLayer: 0
  m_StaticEditorFlags: 0
  m_IsActive: 1
--- !u!4 &5043549748395528665
Transform:
  m_ObjectHideFlags: 0
  m_CorrespondingSourceObject: {fileID: 0}
  m_PrefabInstance: {fileID: 0}
  m_PrefabAsset: {fileID: 0}
  m_GameObject: {fileID: 5040957891150130853}
  m_LocalRotation: {x: -0.0000023394814, y: 0.000002950431, z: -0.00000040977508,
    w: 1}
  m_LocalPosition: {x: -0.1500085, y: -0.000000072669984, z: 0.00000058135987}
  m_LocalScale: {x: 0.9999999, y: 0.9999999, z: 1.0000001}
  m_Children: []
  m_Father: {fileID: 5035508070155539885}
  m_RootOrder: 1
  m_LocalEulerAnglesHint: {x: 0, y: 0, z: 0}
--- !u!1 &5040966109421845109
GameObject:
  m_ObjectHideFlags: 0
  m_CorrespondingSourceObject: {fileID: 0}
  m_PrefabInstance: {fileID: 0}
  m_PrefabAsset: {fileID: 0}
  serializedVersion: 6
  m_Component:
  - component: {fileID: 5035428159730817953}
  m_Layer: 0
  m_Name: LeftHandLittle3
  m_TagString: Untagged
  m_Icon: {fileID: 0}
  m_NavMeshLayer: 0
  m_StaticEditorFlags: 0
  m_IsActive: 1
--- !u!4 &5035428159730817953
Transform:
  m_ObjectHideFlags: 0
  m_CorrespondingSourceObject: {fileID: 0}
  m_PrefabInstance: {fileID: 0}
  m_PrefabAsset: {fileID: 0}
  m_GameObject: {fileID: 5040966109421845109}
  m_LocalRotation: {x: 0.015110863, y: -0.047373097, z: 0.06577485, w: 0.9965948}
  m_LocalPosition: {x: -0.028174782, y: -0.00000009689331, z: -0.000000090837474}
  m_LocalScale: {x: 1.0000015, y: 0.99999994, z: 0.9999985}
  m_Children: []
  m_Father: {fileID: 5035372817141861375}
  m_RootOrder: 0
  m_LocalEulerAnglesHint: {x: 0, y: 0, z: 0}
--- !u!1 &5041036769485510917
GameObject:
  m_ObjectHideFlags: 0
  m_CorrespondingSourceObject: {fileID: 0}
  m_PrefabInstance: {fileID: 0}
  m_PrefabAsset: {fileID: 0}
  serializedVersion: 6
  m_Component:
  - component: {fileID: 5043629828026742177}
  - component: {fileID: 4907041459713260097}
  m_Layer: 0
  m_Name: Armor_01
  m_TagString: Untagged
  m_Icon: {fileID: 0}
  m_NavMeshLayer: 0
  m_StaticEditorFlags: 0
  m_IsActive: 1
--- !u!4 &5043629828026742177
Transform:
  m_ObjectHideFlags: 0
  m_CorrespondingSourceObject: {fileID: 0}
  m_PrefabInstance: {fileID: 0}
  m_PrefabAsset: {fileID: 0}
  m_GameObject: {fileID: 5041036769485510917}
  m_LocalRotation: {x: 0.000000021855694, y: -0, z: -0, w: 1}
  m_LocalPosition: {x: -0, y: 0, z: 0}
  m_LocalScale: {x: 0.9721373, y: 0.9721373, z: 0.9721373}
  m_Children: []
  m_Father: {fileID: 5035033148006042823}
  m_RootOrder: 0
  m_LocalEulerAnglesHint: {x: 0, y: 0, z: 0}
--- !u!137 &4907041459713260097
SkinnedMeshRenderer:
  m_ObjectHideFlags: 0
  m_CorrespondingSourceObject: {fileID: 0}
  m_PrefabInstance: {fileID: 0}
  m_PrefabAsset: {fileID: 0}
  m_GameObject: {fileID: 5041036769485510917}
  m_Enabled: 1
  m_CastShadows: 1
  m_ReceiveShadows: 1
  m_DynamicOccludee: 1
  m_MotionVectors: 1
  m_LightProbeUsage: 1
  m_ReflectionProbeUsage: 1
  m_RayTracingMode: 0
  m_RenderingLayerMask: 1
  m_RendererPriority: 0
  m_Materials:
  - {fileID: 2100000, guid: 815c97698716d2d4abecd98dc4b9b845, type: 2}
  m_StaticBatchInfo:
    firstSubMesh: 0
    subMeshCount: 0
  m_StaticBatchRoot: {fileID: 0}
  m_ProbeAnchor: {fileID: 0}
  m_LightProbeVolumeOverride: {fileID: 0}
  m_ScaleInLightmap: 1
  m_ReceiveGI: 1
  m_PreserveUVs: 0
  m_IgnoreNormalsForChartDetection: 0
  m_ImportantGI: 0
  m_StitchLightmapSeams: 1
  m_SelectedEditorRenderState: 3
  m_MinimumChartSize: 4
  m_AutoUVMaxDistance: 0.5
  m_AutoUVMaxAngle: 89
  m_LightmapParameters: {fileID: 0}
  m_SortingLayerID: 0
  m_SortingLayer: 0
  m_SortingOrder: 0
  serializedVersion: 2
  m_Quality: 0
  m_UpdateWhenOffscreen: 0
  m_SkinnedMotionVectors: 1
  m_Mesh: {fileID: 4300008, guid: bf2f6596427fc20428c0a91abb83e1ee, type: 3}
  m_Bones:
  - {fileID: 5035186861272831389}
  - {fileID: 5035546291046727099}
  - {fileID: 5043981924681641167}
  - {fileID: 5043730357704995677}
  - {fileID: 5035529848234677581}
  - {fileID: 5043939243082496707}
  - {fileID: 5035526610267195169}
  - {fileID: 5043990618961377749}
  - {fileID: 5043867648208751047}
  - {fileID: 5035439597995096797}
  - {fileID: 5035573229649959231}
  - {fileID: 5043478601311253451}
  m_BlendShapeWeights: []
  m_RootBone: {fileID: 5035546291046727099}
  m_AABB:
    m_Center: {x: -0.35978743, y: 0.0152799785, z: 0.0016660243}
    m_Extent: {x: 0.37760362, y: 0.27585208, z: 0.38227838}
  m_DirtyAABB: 0
--- !u!1 &5041076819091154693
GameObject:
  m_ObjectHideFlags: 0
  m_CorrespondingSourceObject: {fileID: 0}
  m_PrefabInstance: {fileID: 0}
  m_PrefabAsset: {fileID: 0}
  serializedVersion: 6
  m_Component:
  - component: {fileID: 5043818444569354577}
  m_Layer: 0
  m_Name: LeftHandThumb1
  m_TagString: Untagged
  m_Icon: {fileID: 0}
  m_NavMeshLayer: 0
  m_StaticEditorFlags: 0
  m_IsActive: 1
--- !u!4 &5043818444569354577
Transform:
  m_ObjectHideFlags: 0
  m_CorrespondingSourceObject: {fileID: 0}
  m_PrefabInstance: {fileID: 0}
  m_PrefabAsset: {fileID: 0}
  m_GameObject: {fileID: 5041076819091154693}
  m_LocalRotation: {x: 0.68441886, y: 0.24756917, z: -0.15230045, w: 0.6686441}
  m_LocalPosition: {x: -0.008945578, y: -0.024356943, z: 0.029056633}
  m_LocalScale: {x: 0.9999998, y: 0.99999976, z: 1.0000004}
  m_Children:
  - {fileID: 5035404109137758437}
  m_Father: {fileID: 5035498579340309859}
  m_RootOrder: 4
  m_LocalEulerAnglesHint: {x: 0, y: 0, z: 0}
--- !u!1 &5041081119979961923
GameObject:
  m_ObjectHideFlags: 0
  m_CorrespondingSourceObject: {fileID: 0}
  m_PrefabInstance: {fileID: 0}
  m_PrefabAsset: {fileID: 0}
  serializedVersion: 6
  m_Component:
  - component: {fileID: 5043487630714213451}
  m_Layer: 0
  m_Name: RightLeg
  m_TagString: Untagged
  m_Icon: {fileID: 0}
  m_NavMeshLayer: 0
  m_StaticEditorFlags: 0
  m_IsActive: 1
--- !u!4 &5043487630714213451
Transform:
  m_ObjectHideFlags: 0
  m_CorrespondingSourceObject: {fileID: 0}
  m_PrefabInstance: {fileID: 0}
  m_PrefabAsset: {fileID: 0}
  m_GameObject: {fileID: 5041081119979961923}
  m_LocalRotation: {x: -0.0009311703, y: -0.010566674, z: 0.16758287, w: 0.9858009}
  m_LocalPosition: {x: -0.4550686, y: 0.0000024223327, z: -0.000000048446655}
  m_LocalScale: {x: 1, y: 1.0000001, z: 1.0000001}
  m_Children:
  - {fileID: 5035224706206617777}
  m_Father: {fileID: 5043478601311253451}
  m_RootOrder: 0
  m_LocalEulerAnglesHint: {x: 0, y: 0, z: 0}
--- !u!1 &5041085062429443787
GameObject:
  m_ObjectHideFlags: 0
  m_CorrespondingSourceObject: {fileID: 0}
  m_PrefabInstance: {fileID: 0}
  m_PrefabAsset: {fileID: 0}
  serializedVersion: 6
  m_Component:
  - component: {fileID: 5043867648208751047}
  m_Layer: 0
  m_Name: RightShoulder
  m_TagString: Untagged
  m_Icon: {fileID: 0}
  m_NavMeshLayer: 0
  m_StaticEditorFlags: 0
  m_IsActive: 1
--- !u!4 &5043867648208751047
Transform:
  m_ObjectHideFlags: 0
  m_CorrespondingSourceObject: {fileID: 0}
  m_PrefabInstance: {fileID: 0}
  m_PrefabAsset: {fileID: 0}
  m_GameObject: {fileID: 5041085062429443787}
  m_LocalRotation: {x: 0.011190185, y: -0.78946584, z: -0.032275878, w: 0.6128433}
  m_LocalPosition: {x: -0.13595681, y: -0.010296488, z: -0.046551626}
  m_LocalScale: {x: 1, y: 0.9999999, z: 0.99999994}
  m_Children:
  - {fileID: 5035439597995096797}
  m_Father: {fileID: 5035186861272831389}
  m_RootOrder: 2
  m_LocalEulerAnglesHint: {x: 0, y: 0, z: 0}
--- !u!1 &5041087876762338935
GameObject:
  m_ObjectHideFlags: 0
  m_CorrespondingSourceObject: {fileID: 0}
  m_PrefabInstance: {fileID: 0}
  m_PrefabAsset: {fileID: 0}
  serializedVersion: 6
  m_Component:
  - component: {fileID: 5043492231434843139}
  m_Layer: 0
  m_Name: RightHandIndex1
  m_TagString: Untagged
  m_Icon: {fileID: 0}
  m_NavMeshLayer: 0
  m_StaticEditorFlags: 0
  m_IsActive: 1
--- !u!4 &5043492231434843139
Transform:
  m_ObjectHideFlags: 0
  m_CorrespondingSourceObject: {fileID: 0}
  m_PrefabInstance: {fileID: 0}
  m_PrefabAsset: {fileID: 0}
  m_GameObject: {fileID: 5041087876762338935}
  m_LocalRotation: {x: -0.020322211, y: 0.021962343, z: 0.12170534, w: 0.99211514}
  m_LocalPosition: {x: -0.117058165, y: 0.0017695625, z: -0.033712793}
  m_LocalScale: {x: 0.99999577, y: 1.0000036, z: 1.0000005}
  m_Children:
  - {fileID: 5043720394970210523}
  m_Father: {fileID: 5043954847831744723}
  m_RootOrder: 0
  m_LocalEulerAnglesHint: {x: 0, y: 0, z: 0}
--- !u!1 &5041106895851879195
GameObject:
  m_ObjectHideFlags: 0
  m_CorrespondingSourceObject: {fileID: 0}
  m_PrefabInstance: {fileID: 0}
  m_PrefabAsset: {fileID: 0}
  serializedVersion: 6
  m_Component:
  - component: {fileID: 5043730357704995677}
  m_Layer: 0
  m_Name: Neck
  m_TagString: Untagged
  m_Icon: {fileID: 0}
  m_NavMeshLayer: 0
  m_StaticEditorFlags: 0
  m_IsActive: 1
--- !u!4 &5043730357704995677
Transform:
  m_ObjectHideFlags: 0
  m_CorrespondingSourceObject: {fileID: 0}
  m_PrefabInstance: {fileID: 0}
  m_PrefabAsset: {fileID: 0}
  m_GameObject: {fileID: 5041106895851879195}
  m_LocalRotation: {x: -0.0000019234692, y: 0.0000048634447, z: -0.250427, w: 0.9681355}
  m_LocalPosition: {x: -0.1377692, y: -0.0255842, z: -0.000000030257155}
  m_LocalScale: {x: 0.9999999, y: 0.9999999, z: 1}
  m_Children:
  - {fileID: 5035526610267195169}
  m_Father: {fileID: 5035186861272831389}
  m_RootOrder: 1
  m_LocalEulerAnglesHint: {x: 0, y: 0, z: 0}
--- !u!1 &5041125821366699415
GameObject:
  m_ObjectHideFlags: 0
  m_CorrespondingSourceObject: {fileID: 0}
  m_PrefabInstance: {fileID: 0}
  m_PrefabAsset: {fileID: 0}
  serializedVersion: 6
  m_Component:
  - component: {fileID: 5043675666030094647}
  m_Layer: 0
  m_Name: RightHandThumb1
  m_TagString: Untagged
  m_Icon: {fileID: 0}
  m_NavMeshLayer: 0
  m_StaticEditorFlags: 0
  m_IsActive: 1
--- !u!4 &5043675666030094647
Transform:
  m_ObjectHideFlags: 0
  m_CorrespondingSourceObject: {fileID: 0}
  m_PrefabInstance: {fileID: 0}
  m_PrefabAsset: {fileID: 0}
  m_GameObject: {fileID: 5041125821366699415}
  m_LocalRotation: {x: -0.6311726, y: -0.2704875, z: 0.004673471, w: 0.7269359}
  m_LocalPosition: {x: -0.023247758, y: -0.02182551, z: -0.03765809}
  m_LocalScale: {x: 0.9999969, y: 0.9999982, z: 1.0000048}
  m_Children:
  - {fileID: 5035565084998676201}
  m_Father: {fileID: 5043954847831744723}
  m_RootOrder: 4
  m_LocalEulerAnglesHint: {x: 0, y: 0, z: 0}
--- !u!1 &5041142728569202861
GameObject:
  m_ObjectHideFlags: 0
  m_CorrespondingSourceObject: {fileID: 0}
  m_PrefabInstance: {fileID: 0}
  m_PrefabAsset: {fileID: 0}
  serializedVersion: 6
  m_Component:
  - component: {fileID: 5035404109137758437}
  m_Layer: 0
  m_Name: LeftHandThumb2
  m_TagString: Untagged
  m_Icon: {fileID: 0}
  m_NavMeshLayer: 0
  m_StaticEditorFlags: 0
  m_IsActive: 1
--- !u!4 &5035404109137758437
Transform:
  m_ObjectHideFlags: 0
  m_CorrespondingSourceObject: {fileID: 0}
  m_PrefabInstance: {fileID: 0}
  m_PrefabAsset: {fileID: 0}
  m_GameObject: {fileID: 5041142728569202861}
  m_LocalRotation: {x: -0.0064305444, y: 0.00079965114, z: 0.062307812, w: 0.99803597}
  m_LocalPosition: {x: -0.047532417, y: -0.000000072669984, z: -0.00000019378662}
  m_LocalScale: {x: 1, y: 0.99999946, z: 1.0000004}
  m_Children:
  - {fileID: 5035146828875057799}
  m_Father: {fileID: 5043818444569354577}
  m_RootOrder: 0
  m_LocalEulerAnglesHint: {x: 0, y: 0, z: 0}
--- !u!1 &5041156051399639279
GameObject:
  m_ObjectHideFlags: 0
  m_CorrespondingSourceObject: {fileID: 0}
  m_PrefabInstance: {fileID: 0}
  m_PrefabAsset: {fileID: 0}
  serializedVersion: 6
  m_Component:
  - component: {fileID: 5035140818114053387}
  m_Layer: 0
  m_Name: LeftHandIndex2
  m_TagString: Untagged
  m_Icon: {fileID: 0}
  m_NavMeshLayer: 0
  m_StaticEditorFlags: 0
  m_IsActive: 1
--- !u!4 &5035140818114053387
Transform:
  m_ObjectHideFlags: 0
  m_CorrespondingSourceObject: {fileID: 0}
  m_PrefabInstance: {fileID: 0}
  m_PrefabAsset: {fileID: 0}
  m_GameObject: {fileID: 5041156051399639279}
  m_LocalRotation: {x: -0.011775901, y: 0.023552299, z: 0.013986116, w: 0.9995554}
  m_LocalPosition: {x: -0.032915916, y: 0, z: 0.000000024223327}
  m_LocalScale: {x: 0.9999995, y: 1.0000006, z: 0.9999998}
  m_Children:
  - {fileID: 5043493743256344699}
  m_Father: {fileID: 5043643710218391799}
  m_RootOrder: 0
  m_LocalEulerAnglesHint: {x: 0, y: 0, z: 0}
--- !u!1 &5041194516732372731
GameObject:
  m_ObjectHideFlags: 0
  m_CorrespondingSourceObject: {fileID: 0}
  m_PrefabInstance: {fileID: 0}
  m_PrefabAsset: {fileID: 0}
  serializedVersion: 6
  m_Component:
  - component: {fileID: 5035526610267195169}
  m_Layer: 0
  m_Name: Head
  m_TagString: Untagged
  m_Icon: {fileID: 0}
  m_NavMeshLayer: 0
  m_StaticEditorFlags: 0
  m_IsActive: 1
--- !u!4 &5035526610267195169
Transform:
  m_ObjectHideFlags: 0
  m_CorrespondingSourceObject: {fileID: 0}
  m_PrefabInstance: {fileID: 0}
  m_PrefabAsset: {fileID: 0}
  m_GameObject: {fileID: 5041194516732372731}
  m_LocalRotation: {x: 0.0000024192238, y: -0.0000048728994, z: 0.2839383, w: 0.9588426}
  m_LocalPosition: {x: -0.113761075, y: -0.006113532, z: 0.000000034760415}
  m_LocalScale: {x: 0.9999999, y: 0.9999999, z: 1}
  m_Children: []
  m_Father: {fileID: 5043730357704995677}
  m_RootOrder: 0
  m_LocalEulerAnglesHint: {x: 0, y: 0, z: 0}
--- !u!1 &5041199174299855993
GameObject:
  m_ObjectHideFlags: 0
  m_CorrespondingSourceObject: {fileID: 0}
  m_PrefabInstance: {fileID: 0}
  m_PrefabAsset: {fileID: 0}
  serializedVersion: 6
  m_Component:
  - component: {fileID: 5035498579340309859}
  m_Layer: 0
  m_Name: LeftHand
  m_TagString: Untagged
  m_Icon: {fileID: 0}
  m_NavMeshLayer: 0
  m_StaticEditorFlags: 0
  m_IsActive: 1
--- !u!4 &5035498579340309859
Transform:
  m_ObjectHideFlags: 0
  m_CorrespondingSourceObject: {fileID: 0}
  m_PrefabInstance: {fileID: 0}
  m_PrefabAsset: {fileID: 0}
  m_GameObject: {fileID: 5041199174299855993}
  m_LocalRotation: {x: -0.6102124, y: 0.037040316, z: 0.10210393, w: 0.78475714}
  m_LocalPosition: {x: -0.26497987, y: 0.000000048446655, z: -0.00000009689331}
  m_LocalScale: {x: 0.9999997, y: 1.0000005, z: 0.99999976}
  m_Children:
  - {fileID: 5043643710218391799}
  - {fileID: 5043822038952458099}
  - {fileID: 5043947870535535785}
  - {fileID: 5043811213365254803}
  - {fileID: 5043818444569354577}
  m_Father: {fileID: 5043990618961377749}
  m_RootOrder: 2
  m_LocalEulerAnglesHint: {x: 0, y: 0, z: 0}
--- !u!1 &5041209365054406523
GameObject:
  m_ObjectHideFlags: 0
  m_CorrespondingSourceObject: {fileID: 0}
  m_PrefabInstance: {fileID: 0}
  m_PrefabAsset: {fileID: 0}
  serializedVersion: 6
  m_Component:
  - component: {fileID: 5043671441956921319}
  m_Layer: 0
  m_Name: RightHandIndex3
  m_TagString: Untagged
  m_Icon: {fileID: 0}
  m_NavMeshLayer: 0
  m_StaticEditorFlags: 0
  m_IsActive: 1
--- !u!4 &5043671441956921319
Transform:
  m_ObjectHideFlags: 0
  m_CorrespondingSourceObject: {fileID: 0}
  m_PrefabInstance: {fileID: 0}
  m_PrefabAsset: {fileID: 0}
  m_GameObject: {fileID: 5041209365054406523}
  m_LocalRotation: {x: -0.034441896, y: 0.031882085, z: 0.09431605, w: 0.9944354}
  m_LocalPosition: {x: -0.03469536, y: 0.00000009689331, z: -0.000000024223327}
  m_LocalScale: {x: 0.9999948, y: 1.0000039, z: 1.0000011}
  m_Children: []
  m_Father: {fileID: 5043720394970210523}
  m_RootOrder: 0
  m_LocalEulerAnglesHint: {x: 0, y: 0, z: 0}
--- !u!1 &5041218029523531683
GameObject:
  m_ObjectHideFlags: 0
  m_CorrespondingSourceObject: {fileID: 0}
  m_PrefabInstance: {fileID: 0}
  m_PrefabAsset: {fileID: 0}
  serializedVersion: 6
  m_Component:
  - component: {fileID: 5043502016616971239}
  m_Layer: 0
  m_Name: RightHandMiddle3
  m_TagString: Untagged
  m_Icon: {fileID: 0}
  m_NavMeshLayer: 0
  m_StaticEditorFlags: 0
  m_IsActive: 1
--- !u!4 &5043502016616971239
Transform:
  m_ObjectHideFlags: 0
  m_CorrespondingSourceObject: {fileID: 0}
  m_PrefabInstance: {fileID: 0}
  m_PrefabAsset: {fileID: 0}
  m_GameObject: {fileID: 5041218029523531683}
  m_LocalRotation: {x: 0.005011141, y: -0.015155597, z: 0.040909357, w: 0.99903536}
  m_LocalPosition: {x: -0.036752068, y: 0.00000019378662, z: -0.000000024223327}
  m_LocalScale: {x: 0.99999493, y: 1.0000039, z: 1.000001}
  m_Children: []
  m_Father: {fileID: 5043489555731413893}
  m_RootOrder: 0
  m_LocalEulerAnglesHint: {x: 0, y: 0, z: 0}
--- !u!1 &5041225093878797311
GameObject:
  m_ObjectHideFlags: 0
  m_CorrespondingSourceObject: {fileID: 0}
  m_PrefabInstance: {fileID: 0}
  m_PrefabAsset: {fileID: 0}
  serializedVersion: 6
  m_Component:
  - component: {fileID: 5043822038952458099}
  m_Layer: 0
  m_Name: LeftHandLittle1
  m_TagString: Untagged
  m_Icon: {fileID: 0}
  m_NavMeshLayer: 0
  m_StaticEditorFlags: 0
  m_IsActive: 1
--- !u!4 &5043822038952458099
Transform:
  m_ObjectHideFlags: 0
  m_CorrespondingSourceObject: {fileID: 0}
  m_PrefabInstance: {fileID: 0}
  m_PrefabAsset: {fileID: 0}
  m_GameObject: {fileID: 5041225093878797311}
  m_LocalRotation: {x: -0.03917987, y: -0.053996943, z: 0.098723635, w: 0.9928761}
  m_LocalPosition: {x: -0.08840204, y: -0.0103288265, z: -0.047943402}
  m_LocalScale: {x: 0.99999946, y: 1.000001, z: 0.9999994}
  m_Children:
  - {fileID: 5035372817141861375}
  m_Father: {fileID: 5035498579340309859}
  m_RootOrder: 1
  m_LocalEulerAnglesHint: {x: 0, y: 0, z: 0}
--- !u!1 &5041227564022174225
GameObject:
  m_ObjectHideFlags: 0
  m_CorrespondingSourceObject: {fileID: 0}
  m_PrefabInstance: {fileID: 0}
  m_PrefabAsset: {fileID: 0}
  serializedVersion: 6
  m_Component:
  - component: {fileID: 5035372817141861375}
  m_Layer: 0
  m_Name: LeftHandLittle2
  m_TagString: Untagged
  m_Icon: {fileID: 0}
  m_NavMeshLayer: 0
  m_StaticEditorFlags: 0
  m_IsActive: 1
--- !u!4 &5035372817141861375
Transform:
  m_ObjectHideFlags: 0
  m_CorrespondingSourceObject: {fileID: 0}
  m_PrefabInstance: {fileID: 0}
  m_PrefabAsset: {fileID: 0}
  m_GameObject: {fileID: 5041227564022174225}
  m_LocalRotation: {x: -0.024260903, y: 0.005597678, z: 0.04615161, w: 0.9986241}
  m_LocalPosition: {x: -0.033535454, y: 0, z: 0.000000024223327}
  m_LocalScale: {x: 0.9999997, y: 1.0000011, z: 0.9999993}
  m_Children:
  - {fileID: 5035428159730817953}
  m_Father: {fileID: 5043822038952458099}
  m_RootOrder: 0
  m_LocalEulerAnglesHint: {x: 0, y: 0, z: 0}
--- !u!1 &5041247057668839857
GameObject:
  m_ObjectHideFlags: 0
  m_CorrespondingSourceObject: {fileID: 0}
  m_PrefabInstance: {fileID: 0}
  m_PrefabAsset: {fileID: 0}
  serializedVersion: 6
  m_Component:
  - component: {fileID: 5035057568439014865}
  m_Layer: 0
  m_Name: ExposeTransform003
  m_TagString: Untagged
  m_Icon: {fileID: 0}
  m_NavMeshLayer: 0
  m_StaticEditorFlags: 0
  m_IsActive: 1
--- !u!4 &5035057568439014865
Transform:
  m_ObjectHideFlags: 0
  m_CorrespondingSourceObject: {fileID: 0}
  m_PrefabInstance: {fileID: 0}
  m_PrefabAsset: {fileID: 0}
  m_GameObject: {fileID: 5041247057668839857}
  m_LocalRotation: {x: -0.0000018328434, y: 0.0000024139883, z: 0.0000000894114, w: 1}
  m_LocalPosition: {x: 0.00000014533997, y: 0.000000024223327, z: -0.00000009689331}
  m_LocalScale: {x: 0.9999994, y: 0.99999994, z: 1.0000006}
  m_Children: []
  m_Father: {fileID: 5035508070155539885}
  m_RootOrder: 0
  m_LocalEulerAnglesHint: {x: 0, y: 0, z: 0}
--- !u!1 &5041516024879511717
GameObject:
  m_ObjectHideFlags: 0
  m_CorrespondingSourceObject: {fileID: 0}
  m_PrefabInstance: {fileID: 0}
  m_PrefabAsset: {fileID: 0}
  serializedVersion: 6
  m_Component:
  - component: {fileID: 5043749490444198655}
  - component: {fileID: 4907083935809466531}
  m_Layer: 0
  m_Name: Grenades_01
  m_TagString: Untagged
  m_Icon: {fileID: 0}
  m_NavMeshLayer: 0
  m_StaticEditorFlags: 0
  m_IsActive: 1
--- !u!4 &5043749490444198655
Transform:
  m_ObjectHideFlags: 0
  m_CorrespondingSourceObject: {fileID: 0}
  m_PrefabInstance: {fileID: 0}
  m_PrefabAsset: {fileID: 0}
  m_GameObject: {fileID: 5041516024879511717}
  m_LocalRotation: {x: 0.000000021855694, y: -0, z: -0, w: 1}
  m_LocalPosition: {x: -0, y: 0, z: 0}
  m_LocalScale: {x: 0.9721373, y: 0.9721373, z: 0.9721373}
  m_Children: []
  m_Father: {fileID: 5035033148006042823}
  m_RootOrder: 3
  m_LocalEulerAnglesHint: {x: 0, y: 0, z: 0}
--- !u!137 &4907083935809466531
SkinnedMeshRenderer:
  m_ObjectHideFlags: 0
  m_CorrespondingSourceObject: {fileID: 0}
  m_PrefabInstance: {fileID: 0}
  m_PrefabAsset: {fileID: 0}
  m_GameObject: {fileID: 5041516024879511717}
  m_Enabled: 1
  m_CastShadows: 1
  m_ReceiveShadows: 1
  m_DynamicOccludee: 1
  m_MotionVectors: 1
  m_LightProbeUsage: 1
  m_ReflectionProbeUsage: 1
  m_RayTracingMode: 0
  m_RenderingLayerMask: 1
  m_RendererPriority: 0
  m_Materials:
  - {fileID: 2100000, guid: 815c97698716d2d4abecd98dc4b9b845, type: 2}
  m_StaticBatchInfo:
    firstSubMesh: 0
    subMeshCount: 0
  m_StaticBatchRoot: {fileID: 0}
  m_ProbeAnchor: {fileID: 0}
  m_LightProbeVolumeOverride: {fileID: 0}
  m_ScaleInLightmap: 1
  m_ReceiveGI: 1
  m_PreserveUVs: 0
  m_IgnoreNormalsForChartDetection: 0
  m_ImportantGI: 0
  m_StitchLightmapSeams: 1
  m_SelectedEditorRenderState: 3
  m_MinimumChartSize: 4
  m_AutoUVMaxDistance: 0.5
  m_AutoUVMaxAngle: 89
  m_LightmapParameters: {fileID: 0}
  m_SortingLayerID: 0
  m_SortingLayer: 0
  m_SortingOrder: 0
  serializedVersion: 2
  m_Quality: 0
  m_UpdateWhenOffscreen: 0
  m_SkinnedMotionVectors: 1
  m_Mesh: {fileID: 4300014, guid: bf2f6596427fc20428c0a91abb83e1ee, type: 3}
  m_Bones:
  - {fileID: 5035546291046727099}
  - {fileID: 5035573229649959231}
  - {fileID: 5043478601311253451}
  - {fileID: 5035529848234677581}
  m_BlendShapeWeights: []
  m_RootBone: {fileID: 5035546291046727099}
  m_AABB:
    m_Center: {x: -0.10098821, y: 0.027788788, z: 0.0010653734}
    m_Extent: {x: 0.121714175, y: 0.17754282, z: 0.19840994}
  m_DirtyAABB: 0
--- !u!1 &5041526794512708755
GameObject:
  m_ObjectHideFlags: 0
  m_CorrespondingSourceObject: {fileID: 0}
  m_PrefabInstance: {fileID: 0}
  m_PrefabAsset: {fileID: 0}
  serializedVersion: 6
  m_Component:
  - component: {fileID: 5035033148006042823}
  - component: {fileID: 4945654321055678483}
  - component: {fileID: 3559930644550411519}
  - component: {fileID: -8201253028813070215}
  - component: {fileID: 5255265197041992547}
  m_Layer: 0
  m_Name: RPG_Unit_Prefab_1
  m_TagString: Unit
  m_Icon: {fileID: 0}
  m_NavMeshLayer: 0
  m_StaticEditorFlags: 0
  m_IsActive: 1
--- !u!4 &5035033148006042823
Transform:
  m_ObjectHideFlags: 0
  m_CorrespondingSourceObject: {fileID: 0}
  m_PrefabInstance: {fileID: 0}
  m_PrefabAsset: {fileID: 0}
  m_GameObject: {fileID: 5041526794512708755}
  m_LocalRotation: {x: 0, y: 0, z: 0, w: 1}
  m_LocalPosition: {x: 30.49, y: -0.88, z: -15.568766}
  m_LocalScale: {x: 5, y: 5, z: 5}
  m_Children:
  - {fileID: 5043629828026742177}
  - {fileID: 5043536593183014853}
  - {fileID: 5035216277672589149}
  - {fileID: 5043749490444198655}
  - {fileID: 5035504314900037499}
  - {fileID: 5035424844262282783}
  - {fileID: 5043557470024206469}
  - {fileID: 5043968370111985303}
  - {fileID: 5035524492083536649}
  - {fileID: 5043948993472110819}
  - {fileID: 5035440776344635707}
  m_Father: {fileID: 0}
  m_RootOrder: 0
  m_LocalEulerAnglesHint: {x: 0, y: 0, z: 0}
--- !u!95 &4945654321055678483
Animator:
  serializedVersion: 3
  m_ObjectHideFlags: 0
  m_CorrespondingSourceObject: {fileID: 0}
  m_PrefabInstance: {fileID: 0}
  m_PrefabAsset: {fileID: 0}
  m_GameObject: {fileID: 5041526794512708755}
  m_Enabled: 1
  m_Avatar: {fileID: 9000000, guid: bf2f6596427fc20428c0a91abb83e1ee, type: 3}
  m_Controller: {fileID: 9100000, guid: 87a997105a07e4c48a41154f1f1db208, type: 2}
  m_CullingMode: 1
  m_UpdateMode: 0
  m_ApplyRootMotion: 1
  m_LinearVelocityBlending: 0
  m_WarningMessage: 
  m_HasTransformHierarchy: 1
  m_AllowConstantClipSamplingOptimization: 1
  m_KeepAnimatorControllerStateOnDisable: 0
--- !u!114 &3559930644550411519
MonoBehaviour:
  m_ObjectHideFlags: 0
  m_CorrespondingSourceObject: {fileID: 0}
  m_PrefabInstance: {fileID: 0}
  m_PrefabAsset: {fileID: 0}
  m_GameObject: {fileID: 5041526794512708755}
  m_Enabled: 1
  m_EditorHideFlags: 0
  m_Script: {fileID: 11500000, guid: aa584fbee541324448dd18d8409c7a41, type: 3}
  m_Name: 
  m_EditorClassIdentifier: 
  ObservedComponentsFoldoutOpen: 1
  Group: 0
  prefixField: -1
  Synchronization: 1
  OwnershipTransfer: 0
  ObservedComponents:
  - {fileID: -8201253028813070215}
  - {fileID: 5255265197041992547}
  viewIdField: 0
  InstantiationId: 0
  isRuntimeInstantiated: 0
--- !u!114 &-8201253028813070215
MonoBehaviour:
  m_ObjectHideFlags: 0
  m_CorrespondingSourceObject: {fileID: 0}
  m_PrefabInstance: {fileID: 0}
  m_PrefabAsset: {fileID: 0}
  m_GameObject: {fileID: 5041526794512708755}
  m_Enabled: 1
  m_EditorHideFlags: 0
  m_Script: {fileID: 11500000, guid: 627855c7f81362d41938ffe0b1475957, type: 3}
  m_Name: 
  m_EditorClassIdentifier: 
  m_SynchronizePosition: 1
  m_SynchronizeRotation: 1
  m_SynchronizeScale: 0
--- !u!114 &5255265197041992547
MonoBehaviour:
  m_ObjectHideFlags: 0
  m_CorrespondingSourceObject: {fileID: 0}
  m_PrefabInstance: {fileID: 0}
  m_PrefabAsset: {fileID: 0}
  m_GameObject: {fileID: 5041526794512708755}
  m_Enabled: 1
  m_EditorHideFlags: 0
  m_Script: {fileID: 11500000, guid: 9b8c4a61274f60b4ea5fb4299cfdbf14, type: 3}
  m_Name: 
  m_EditorClassIdentifier: 
  ShowLayerWeightsInspector: 1
  ShowParameterInspector: 1
  m_SynchronizeParameters: []
  m_SynchronizeLayers: []
--- !u!1 &5041547462891553943
GameObject:
  m_ObjectHideFlags: 0
  m_CorrespondingSourceObject: {fileID: 0}
  m_PrefabInstance: {fileID: 0}
  m_PrefabAsset: {fileID: 0}
  serializedVersion: 6
  m_Component:
  - component: {fileID: 5035439597995096797}
  m_Layer: 0
  m_Name: RightArm
  m_TagString: Untagged
  m_Icon: {fileID: 0}
  m_NavMeshLayer: 0
  m_StaticEditorFlags: 0
  m_IsActive: 1
--- !u!4 &5035439597995096797
Transform:
  m_ObjectHideFlags: 0
  m_CorrespondingSourceObject: {fileID: 0}
  m_PrefabInstance: {fileID: 0}
  m_PrefabAsset: {fileID: 0}
  m_GameObject: {fileID: 5041547462891553943}
  m_LocalRotation: {x: -0.017748643, y: -0.327811, z: 0.13856596, w: 0.93435776}
  m_LocalPosition: {x: -0.16826536, y: 0, z: 0}
  m_LocalScale: {x: 0.99999994, y: 1, z: 1}
  m_Children:
  - {fileID: 5035508070155539885}
  m_Father: {fileID: 5043867648208751047}
  m_RootOrder: 0
  m_LocalEulerAnglesHint: {x: 0, y: 0, z: 0}
--- !u!1 &5041552524714717819
GameObject:
  m_ObjectHideFlags: 0
  m_CorrespondingSourceObject: {fileID: 0}
  m_PrefabInstance: {fileID: 0}
  m_PrefabAsset: {fileID: 0}
  serializedVersion: 6
  m_Component:
  - component: {fileID: 5035573229649959231}
  m_Layer: 0
  m_Name: LeftUpLeg
  m_TagString: Untagged
  m_Icon: {fileID: 0}
  m_NavMeshLayer: 0
  m_StaticEditorFlags: 0
  m_IsActive: 1
--- !u!4 &5035573229649959231
Transform:
  m_ObjectHideFlags: 0
  m_CorrespondingSourceObject: {fileID: 0}
  m_PrefabInstance: {fileID: 0}
  m_PrefabAsset: {fileID: 0}
  m_GameObject: {fileID: 5041552524714717819}
  m_LocalRotation: {x: -0.052760884, y: 0.99745154, z: -0.00038060907, w: 0.048027452}
  m_LocalPosition: {x: 0.00000009689331, y: 0.00000017561912, z: 0.09406086}
  m_LocalScale: {x: 1, y: 1, z: 1}
  m_Children:
  - {fileID: 5043659172542158381}
  m_Father: {fileID: 5035546291046727099}
  m_RootOrder: 0
  m_LocalEulerAnglesHint: {x: 0, y: 0, z: 0}
--- !u!1 &5041556155214219091
GameObject:
  m_ObjectHideFlags: 0
  m_CorrespondingSourceObject: {fileID: 0}
  m_PrefabInstance: {fileID: 0}
  m_PrefabAsset: {fileID: 0}
  serializedVersion: 6
  m_Component:
  - component: {fileID: 5035529848234677581}
  m_Layer: 0
  m_Name: Spine
  m_TagString: Untagged
  m_Icon: {fileID: 0}
  m_NavMeshLayer: 0
  m_StaticEditorFlags: 0
  m_IsActive: 1
--- !u!4 &5035529848234677581
Transform:
  m_ObjectHideFlags: 0
  m_CorrespondingSourceObject: {fileID: 0}
  m_PrefabInstance: {fileID: 0}
  m_PrefabAsset: {fileID: 0}
  m_GameObject: {fileID: 5041556155214219091}
  m_LocalRotation: {x: -0.0000020584173, y: 0.000000715824, z: 0.03055713, w: 0.999533}
  m_LocalPosition: {x: -0.19864476, y: -0.00010238898, z: 0.00000040836613}
  m_LocalScale: {x: 1, y: 1, z: 1}
  m_Children:
  - {fileID: 5035186861272831389}
  m_Father: {fileID: 5035546291046727099}
  m_RootOrder: 2
  m_LocalEulerAnglesHint: {x: 0, y: 0, z: 0}
--- !u!1 &5041562086538292527
GameObject:
  m_ObjectHideFlags: 0
  m_CorrespondingSourceObject: {fileID: 0}
  m_PrefabInstance: {fileID: 0}
  m_PrefabAsset: {fileID: 0}
  serializedVersion: 6
  m_Component:
  - component: {fileID: 5035431151532981087}
  m_Layer: 0
  m_Name: WeaponHolder
  m_TagString: Untagged
  m_Icon: {fileID: 0}
  m_NavMeshLayer: 0
  m_StaticEditorFlags: 0
  m_IsActive: 1
--- !u!4 &5035431151532981087
Transform:
  m_ObjectHideFlags: 0
  m_CorrespondingSourceObject: {fileID: 0}
  m_PrefabInstance: {fileID: 0}
  m_PrefabAsset: {fileID: 0}
  m_GameObject: {fileID: 5041562086538292527}
  m_LocalRotation: {x: -0.44383633, y: -0.42367458, z: 0.54277724, w: 0.57349986}
  m_LocalPosition: {x: -0.08752571, y: -0.030075585, z: -0.00021839752}
  m_LocalScale: {x: 0.9999914, y: 1, z: 1.0000083}
  m_Children:
  - {fileID: 39333907962273588}
  m_Father: {fileID: 5043954847831744723}
  m_RootOrder: 5
  m_LocalEulerAnglesHint: {x: 0, y: 0, z: 0}
--- !u!1 &5041579725219426579
GameObject:
  m_ObjectHideFlags: 0
  m_CorrespondingSourceObject: {fileID: 0}
  m_PrefabInstance: {fileID: 0}
  m_PrefabAsset: {fileID: 0}
  serializedVersion: 6
  m_Component:
  - component: {fileID: 5035424844262282783}
  - component: {fileID: 4906353234755090509}
  m_Layer: 0
  m_Name: Heavy_armor_shoes
  m_TagString: Untagged
  m_Icon: {fileID: 0}
  m_NavMeshLayer: 0
  m_StaticEditorFlags: 0
  m_IsActive: 1
--- !u!4 &5035424844262282783
Transform:
  m_ObjectHideFlags: 0
  m_CorrespondingSourceObject: {fileID: 0}
  m_PrefabInstance: {fileID: 0}
  m_PrefabAsset: {fileID: 0}
  m_GameObject: {fileID: 5041579725219426579}
  m_LocalRotation: {x: 0.000000021855694, y: -0, z: -0, w: 1}
  m_LocalPosition: {x: -0, y: 0, z: 0}
  m_LocalScale: {x: 0.9721373, y: 0.9721373, z: 0.9721373}
  m_Children: []
  m_Father: {fileID: 5035033148006042823}
  m_RootOrder: 5
  m_LocalEulerAnglesHint: {x: 0, y: 0, z: 0}
--- !u!137 &4906353234755090509
SkinnedMeshRenderer:
  m_ObjectHideFlags: 0
  m_CorrespondingSourceObject: {fileID: 0}
  m_PrefabInstance: {fileID: 0}
  m_PrefabAsset: {fileID: 0}
  m_GameObject: {fileID: 5041579725219426579}
  m_Enabled: 1
  m_CastShadows: 1
  m_ReceiveShadows: 1
  m_DynamicOccludee: 1
  m_MotionVectors: 1
  m_LightProbeUsage: 1
  m_ReflectionProbeUsage: 1
  m_RayTracingMode: 0
  m_RenderingLayerMask: 1
  m_RendererPriority: 0
  m_Materials:
  - {fileID: 2100000, guid: c356525565ec58341a6c3d09a492287a, type: 2}
  m_StaticBatchInfo:
    firstSubMesh: 0
    subMeshCount: 0
  m_StaticBatchRoot: {fileID: 0}
  m_ProbeAnchor: {fileID: 0}
  m_LightProbeVolumeOverride: {fileID: 0}
  m_ScaleInLightmap: 1
  m_ReceiveGI: 1
  m_PreserveUVs: 0
  m_IgnoreNormalsForChartDetection: 0
  m_ImportantGI: 0
  m_StitchLightmapSeams: 1
  m_SelectedEditorRenderState: 3
  m_MinimumChartSize: 4
  m_AutoUVMaxDistance: 0.5
  m_AutoUVMaxAngle: 89
  m_LightmapParameters: {fileID: 0}
  m_SortingLayerID: 0
  m_SortingLayer: 0
  m_SortingOrder: 0
  serializedVersion: 2
  m_Quality: 0
  m_UpdateWhenOffscreen: 0
  m_SkinnedMotionVectors: 1
  m_Mesh: {fileID: 4300010, guid: bf2f6596427fc20428c0a91abb83e1ee, type: 3}
  m_Bones:
  - {fileID: 5035203300968855863}
  - {fileID: 5043660644708626935}
  - {fileID: 5043659172542158381}
  - {fileID: 5035224706206617777}
  - {fileID: 5035501585520607443}
  - {fileID: 5043487630714213451}
  m_BlendShapeWeights: []
  m_RootBone: {fileID: 5043487630714213451}
  m_AABB:
    m_Center: {x: -0.46340024, y: 0.07934626, z: -0.17572147}
    m_Extent: {x: 0.16431461, y: 0.17096081, z: 0.24496377}
  m_DirtyAABB: 0
--- !u!1 &5041592600323199159
GameObject:
  m_ObjectHideFlags: 0
  m_CorrespondingSourceObject: {fileID: 0}
  m_PrefabInstance: {fileID: 0}
  m_PrefabAsset: {fileID: 0}
  serializedVersion: 6
  m_Component:
  - component: {fileID: 5035546291046727099}
  m_Layer: 0
  m_Name: Hips
  m_TagString: Untagged
  m_Icon: {fileID: 0}
  m_NavMeshLayer: 0
  m_StaticEditorFlags: 0
  m_IsActive: 1
--- !u!4 &5035546291046727099
Transform:
  m_ObjectHideFlags: 0
  m_CorrespondingSourceObject: {fileID: 0}
  m_PrefabInstance: {fileID: 0}
  m_PrefabAsset: {fileID: 0}
  m_GameObject: {fileID: 5041592600323199159}
  m_LocalRotation: {x: 1.1537296e-13, y: 2.8421712e-13, z: 2.2026825e-13, w: 1}
  m_LocalPosition: {x: -0.96896243, y: -0.038454667, z: 0.0000015200346}
  m_LocalScale: {x: 1, y: 1, z: 1}
  m_Children:
  - {fileID: 5035573229649959231}
  - {fileID: 5043478601311253451}
  - {fileID: 5035529848234677581}
  m_Father: {fileID: 5035440776344635707}
  m_RootOrder: 0
  m_LocalEulerAnglesHint: {x: 0, y: 0, z: 0}
--- !u!1 &5041628350659683253
GameObject:
  m_ObjectHideFlags: 0
  m_CorrespondingSourceObject: {fileID: 0}
  m_PrefabInstance: {fileID: 0}
  m_PrefabAsset: {fileID: 0}
  serializedVersion: 6
  m_Component:
  - component: {fileID: 5043608747760233907}
  m_Layer: 0
  m_Name: RightHandRing3
  m_TagString: Untagged
  m_Icon: {fileID: 0}
  m_NavMeshLayer: 0
  m_StaticEditorFlags: 0
  m_IsActive: 1
--- !u!4 &5043608747760233907
Transform:
  m_ObjectHideFlags: 0
  m_CorrespondingSourceObject: {fileID: 0}
  m_PrefabInstance: {fileID: 0}
  m_PrefabAsset: {fileID: 0}
  m_GameObject: {fileID: 5041628350659683253}
  m_LocalRotation: {x: 0.009264945, y: 0.0020661585, z: 0.080027804, w: 0.9967475}
  m_LocalPosition: {x: -0.03584733, y: 0, z: -0.000000024223327}
  m_LocalScale: {x: 0.9999948, y: 1.0000051, z: 1.0000001}
  m_Children: []
  m_Father: {fileID: 5035200337101330391}
  m_RootOrder: 0
  m_LocalEulerAnglesHint: {x: 0, y: 0, z: 0}
--- !u!1 &5041639406250004011
GameObject:
  m_ObjectHideFlags: 0
  m_CorrespondingSourceObject: {fileID: 0}
  m_PrefabInstance: {fileID: 0}
  m_PrefabAsset: {fileID: 0}
  serializedVersion: 6
  m_Component:
  - component: {fileID: 5035099824233758825}
  m_Layer: 0
  m_Name: LeftHandMiddle3
  m_TagString: Untagged
  m_Icon: {fileID: 0}
  m_NavMeshLayer: 0
  m_StaticEditorFlags: 0
  m_IsActive: 1
--- !u!4 &5035099824233758825
Transform:
  m_ObjectHideFlags: 0
  m_CorrespondingSourceObject: {fileID: 0}
  m_PrefabInstance: {fileID: 0}
  m_PrefabAsset: {fileID: 0}
  m_GameObject: {fileID: 5041639406250004011}
  m_LocalRotation: {x: -0.0104851825, y: 0.015341389, z: -0.0009561085, w: 0.9998269}
  m_LocalPosition: {x: -0.04242968, y: 0.00000019378662, z: -0.000000072669984}
  m_LocalScale: {x: 0.99999744, y: 1.0000024, z: 1}
  m_Children: []
  m_Father: {fileID: 5035339111281928811}
  m_RootOrder: 0
  m_LocalEulerAnglesHint: {x: 0, y: 0, z: 0}
--- !u!1 &5041646374590293957
GameObject:
  m_ObjectHideFlags: 0
  m_CorrespondingSourceObject: {fileID: 0}
  m_PrefabInstance: {fileID: 0}
  m_PrefabAsset: {fileID: 0}
  serializedVersion: 6
  m_Component:
  - component: {fileID: 5035339111281928811}
  m_Layer: 0
  m_Name: LeftHandMiddle2
  m_TagString: Untagged
  m_Icon: {fileID: 0}
  m_NavMeshLayer: 0
  m_StaticEditorFlags: 0
  m_IsActive: 1
--- !u!4 &5035339111281928811
Transform:
  m_ObjectHideFlags: 0
  m_CorrespondingSourceObject: {fileID: 0}
  m_PrefabInstance: {fileID: 0}
  m_PrefabAsset: {fileID: 0}
  m_GameObject: {fileID: 5041646374590293957}
  m_LocalRotation: {x: -0.0028219037, y: 0.0036869443, z: 0.10826891, w: 0.9941108}
  m_LocalPosition: {x: -0.038134493, y: 0.00000019378662, z: -0.000000072669984}
  m_LocalScale: {x: 0.99999756, y: 1.0000024, z: 0.99999994}
  m_Children:
  - {fileID: 5035099824233758825}
  m_Father: {fileID: 5043947870535535785}
  m_RootOrder: 0
  m_LocalEulerAnglesHint: {x: 0, y: 0, z: 0}
--- !u!1 &5041654226031869439
GameObject:
  m_ObjectHideFlags: 0
  m_CorrespondingSourceObject: {fileID: 0}
  m_PrefabInstance: {fileID: 0}
  m_PrefabAsset: {fileID: 0}
  serializedVersion: 6
  m_Component:
  - component: {fileID: 5043659172542158381}
  m_Layer: 0
  m_Name: LeftLeg
  m_TagString: Untagged
  m_Icon: {fileID: 0}
  m_NavMeshLayer: 0
  m_StaticEditorFlags: 0
  m_IsActive: 1
--- !u!4 &5043659172542158381
Transform:
  m_ObjectHideFlags: 0
  m_CorrespondingSourceObject: {fileID: 0}
  m_PrefabInstance: {fileID: 0}
  m_PrefabAsset: {fileID: 0}
  m_GameObject: {fileID: 5041654226031869439}
  m_LocalRotation: {x: -0.0007027353, y: -0.0010249448, z: 0.17301404, w: 0.9849186}
  m_LocalPosition: {x: -0.455026, y: 0.0000023072719, z: 0.0000006298065}
  m_LocalScale: {x: 1.0000002, y: 1, z: 1}
  m_Children:
  - {fileID: 5035203300968855863}
  m_Father: {fileID: 5035573229649959231}
  m_RootOrder: 0
  m_LocalEulerAnglesHint: {x: 0, y: 0, z: 0}
--- !u!1 &5041702150176761041
GameObject:
  m_ObjectHideFlags: 0
  m_CorrespondingSourceObject: {fileID: 0}
  m_PrefabInstance: {fileID: 0}
  m_PrefabAsset: {fileID: 0}
  serializedVersion: 6
  m_Component:
  - component: {fileID: 5043557470024206469}
  m_Layer: 0
  m_Name: LeftPlatform
  m_TagString: Untagged
  m_Icon: {fileID: 0}
  m_NavMeshLayer: 0
  m_StaticEditorFlags: 0
  m_IsActive: 1
--- !u!4 &5043557470024206469
Transform:
  m_ObjectHideFlags: 0
  m_CorrespondingSourceObject: {fileID: 0}
  m_PrefabInstance: {fileID: 0}
  m_PrefabAsset: {fileID: 0}
  m_GameObject: {fileID: 5041702150176761041}
  m_LocalRotation: {x: 0.5213339, y: -0.5213339, z: -0.47771436, w: 0.47771436}
  m_LocalPosition: {x: -0.17501634, y: -0.000000013998998, z: 0.013675372}
  m_LocalScale: {x: 1, y: 1, z: 1}
  m_Children: []
  m_Father: {fileID: 5035033148006042823}
  m_RootOrder: 6
  m_LocalEulerAnglesHint: {x: 0, y: 0, z: 0}
--- !u!1 &5041710933844393107
GameObject:
  m_ObjectHideFlags: 0
  m_CorrespondingSourceObject: {fileID: 0}
  m_PrefabInstance: {fileID: 0}
  m_PrefabAsset: {fileID: 0}
  serializedVersion: 6
  m_Component:
  - component: {fileID: 5043489555731413893}
  m_Layer: 0
  m_Name: RightHandMiddle2
  m_TagString: Untagged
  m_Icon: {fileID: 0}
  m_NavMeshLayer: 0
  m_StaticEditorFlags: 0
  m_IsActive: 1
--- !u!4 &5043489555731413893
Transform:
  m_ObjectHideFlags: 0
  m_CorrespondingSourceObject: {fileID: 0}
  m_PrefabInstance: {fileID: 0}
  m_PrefabAsset: {fileID: 0}
  m_GameObject: {fileID: 5041710933844393107}
  m_LocalRotation: {x: -0.066857696, y: 0.04989855, z: 0.03549589, w: 0.9958816}
  m_LocalPosition: {x: -0.03266598, y: 0.00000009689331, z: -0.000000036334992}
  m_LocalScale: {x: 0.99999523, y: 1.0000035, z: 1.0000011}
  m_Children:
  - {fileID: 5043502016616971239}
  m_Father: {fileID: 5044017432812739651}
  m_RootOrder: 0
  m_LocalEulerAnglesHint: {x: 0, y: 0, z: 0}
--- !u!1 &5041716513896977747
GameObject:
  m_ObjectHideFlags: 0
  m_CorrespondingSourceObject: {fileID: 0}
  m_PrefabInstance: {fileID: 0}
  m_PrefabAsset: {fileID: 0}
  serializedVersion: 6
  m_Component:
  - component: {fileID: 5035216277672589149}
  - component: {fileID: 4907201698327727415}
  m_Layer: 0
  m_Name: Glasses_01
  m_TagString: Untagged
  m_Icon: {fileID: 0}
  m_NavMeshLayer: 0
  m_StaticEditorFlags: 0
  m_IsActive: 1
--- !u!4 &5035216277672589149
Transform:
  m_ObjectHideFlags: 0
  m_CorrespondingSourceObject: {fileID: 0}
  m_PrefabInstance: {fileID: 0}
  m_PrefabAsset: {fileID: 0}
  m_GameObject: {fileID: 5041716513896977747}
  m_LocalRotation: {x: 0.00000008146034, y: -0, z: -0, w: 1}
  m_LocalPosition: {x: -0, y: 0, z: 0}
  m_LocalScale: {x: 0.9721373, y: 0.9721373, z: 0.9721373}
  m_Children: []
  m_Father: {fileID: 5035033148006042823}
  m_RootOrder: 2
  m_LocalEulerAnglesHint: {x: 0, y: 0, z: 0}
--- !u!137 &4907201698327727415
SkinnedMeshRenderer:
  m_ObjectHideFlags: 0
  m_CorrespondingSourceObject: {fileID: 0}
  m_PrefabInstance: {fileID: 0}
  m_PrefabAsset: {fileID: 0}
  m_GameObject: {fileID: 5041716513896977747}
  m_Enabled: 1
  m_CastShadows: 1
  m_ReceiveShadows: 1
  m_DynamicOccludee: 1
  m_MotionVectors: 1
  m_LightProbeUsage: 1
  m_ReflectionProbeUsage: 1
  m_RayTracingMode: 0
  m_RenderingLayerMask: 1
  m_RendererPriority: 0
  m_Materials:
  - {fileID: 2100000, guid: 71698e539d847974fbe3ee269e261bcf, type: 2}
  m_StaticBatchInfo:
    firstSubMesh: 0
    subMeshCount: 0
  m_StaticBatchRoot: {fileID: 0}
  m_ProbeAnchor: {fileID: 0}
  m_LightProbeVolumeOverride: {fileID: 0}
  m_ScaleInLightmap: 1
  m_ReceiveGI: 1
  m_PreserveUVs: 0
  m_IgnoreNormalsForChartDetection: 0
  m_ImportantGI: 0
  m_StitchLightmapSeams: 1
  m_SelectedEditorRenderState: 3
  m_MinimumChartSize: 4
  m_AutoUVMaxDistance: 0.5
  m_AutoUVMaxAngle: 89
  m_LightmapParameters: {fileID: 0}
  m_SortingLayerID: 0
  m_SortingLayer: 0
  m_SortingOrder: 0
  serializedVersion: 2
  m_Quality: 0
  m_UpdateWhenOffscreen: 0
  m_SkinnedMotionVectors: 1
  m_Mesh: {fileID: 4300002, guid: bf2f6596427fc20428c0a91abb83e1ee, type: 3}
  m_Bones:
  - {fileID: 5035526610267195169}
  - {fileID: 5043730357704995677}
  - {fileID: 5035186861272831389}
  - {fileID: 5043939243082496707}
  - {fileID: 5035529848234677581}
  m_BlendShapeWeights: []
  m_RootBone: {fileID: 5035529848234677581}
  m_AABB:
    m_Center: {x: -0.5638205, y: 0.07453875, z: 0.0019861385}
    m_Extent: {x: 0.023235202, y: 0.07641418, z: 0.08208652}
  m_DirtyAABB: 0
--- !u!1 &5041718070010715591
GameObject:
  m_ObjectHideFlags: 0
  m_CorrespondingSourceObject: {fileID: 0}
  m_PrefabInstance: {fileID: 0}
  m_PrefabAsset: {fileID: 0}
  serializedVersion: 6
  m_Component:
  - component: {fileID: 5043981924681641167}
  m_Layer: 0
  m_Name: LeftArm
  m_TagString: Untagged
  m_Icon: {fileID: 0}
  m_NavMeshLayer: 0
  m_StaticEditorFlags: 0
  m_IsActive: 1
--- !u!4 &5043981924681641167
Transform:
  m_ObjectHideFlags: 0
  m_CorrespondingSourceObject: {fileID: 0}
  m_PrefabInstance: {fileID: 0}
  m_PrefabAsset: {fileID: 0}
  m_GameObject: {fileID: 5041718070010715591}
  m_LocalRotation: {x: 0.00987231, y: 0.33872485, z: 0.121154994, w: 0.93300027}
  m_LocalPosition: {x: -0.17022932, y: -0.000000012111664, z: 0.00000048446657}
  m_LocalScale: {x: 1.0000013, y: 1, z: 0.9999986}
  m_Children:
  - {fileID: 5043990618961377749}
  m_Father: {fileID: 5043939243082496707}
  m_RootOrder: 0
  m_LocalEulerAnglesHint: {x: 0, y: 0, z: 0}
--- !u!1 &5041732377484422701
GameObject:
  m_ObjectHideFlags: 0
  m_CorrespondingSourceObject: {fileID: 0}
  m_PrefabInstance: {fileID: 0}
  m_PrefabAsset: {fileID: 0}
  serializedVersion: 6
  m_Component:
  - component: {fileID: 5043478601311253451}
  m_Layer: 0
  m_Name: RightUpLeg
  m_TagString: Untagged
  m_Icon: {fileID: 0}
  m_NavMeshLayer: 0
  m_StaticEditorFlags: 0
  m_IsActive: 1
--- !u!4 &5043478601311253451
Transform:
  m_ObjectHideFlags: 0
  m_CorrespondingSourceObject: {fileID: 0}
  m_PrefabInstance: {fileID: 0}
  m_PrefabAsset: {fileID: 0}
  m_GameObject: {fileID: 5041732377484422701}
  m_LocalRotation: {x: -0.050240837, y: 0.9974791, z: -0.00055683503, w: -0.05011077}
  m_LocalPosition: {x: 0.00000009689331, y: 0.00000017561912, z: -0.09406086}
  m_LocalScale: {x: 0.99999994, y: 1, z: 1}
  m_Children:
  - {fileID: 5043487630714213451}
  m_Father: {fileID: 5035546291046727099}
  m_RootOrder: 1
  m_LocalEulerAnglesHint: {x: 0, y: 0, z: 0}
--- !u!1 &5041753256796079939
GameObject:
  m_ObjectHideFlags: 0
  m_CorrespondingSourceObject: {fileID: 0}
  m_PrefabInstance: {fileID: 0}
  m_PrefabAsset: {fileID: 0}
  serializedVersion: 6
  m_Component:
  - component: {fileID: 5035146828875057799}
  m_Layer: 0
  m_Name: LeftHandThumb3
  m_TagString: Untagged
  m_Icon: {fileID: 0}
  m_NavMeshLayer: 0
  m_StaticEditorFlags: 0
  m_IsActive: 1
--- !u!4 &5035146828875057799
Transform:
  m_ObjectHideFlags: 0
  m_CorrespondingSourceObject: {fileID: 0}
  m_PrefabInstance: {fileID: 0}
  m_PrefabAsset: {fileID: 0}
  m_GameObject: {fileID: 5041753256796079939}
  m_LocalRotation: {x: 0.018283645, y: 0.03128157, z: -0.0104242, w: 0.99928904}
  m_LocalPosition: {x: -0.037063774, y: -0.000000024223327, z: -0.00000019378662}
  m_LocalScale: {x: 0.9999993, y: 0.9999997, z: 1.000001}
  m_Children: []
  m_Father: {fileID: 5035404109137758437}
  m_RootOrder: 0
  m_LocalEulerAnglesHint: {x: 0, y: 0, z: 0}
--- !u!1 &5041754788208860261
GameObject:
  m_ObjectHideFlags: 0
  m_CorrespondingSourceObject: {fileID: 0}
  m_PrefabInstance: {fileID: 0}
  m_PrefabAsset: {fileID: 0}
  serializedVersion: 6
  m_Component:
  - component: {fileID: 5043536593183014853}
  - component: {fileID: 4906604322746350601}
  m_Layer: 0
  m_Name: Body_01
  m_TagString: Untagged
  m_Icon: {fileID: 0}
  m_NavMeshLayer: 0
  m_StaticEditorFlags: 0
  m_IsActive: 1
--- !u!4 &5043536593183014853
Transform:
  m_ObjectHideFlags: 0
  m_CorrespondingSourceObject: {fileID: 0}
  m_PrefabInstance: {fileID: 0}
  m_PrefabAsset: {fileID: 0}
  m_GameObject: {fileID: 5041754788208860261}
  m_LocalRotation: {x: 0.000000021855694, y: -0, z: -0, w: 1}
  m_LocalPosition: {x: -0, y: 0, z: 0}
  m_LocalScale: {x: 0.9721373, y: 0.9721373, z: 0.9721373}
  m_Children: []
  m_Father: {fileID: 5035033148006042823}
  m_RootOrder: 1
  m_LocalEulerAnglesHint: {x: 0, y: 0, z: 0}
--- !u!137 &4906604322746350601
SkinnedMeshRenderer:
  m_ObjectHideFlags: 0
  m_CorrespondingSourceObject: {fileID: 0}
  m_PrefabInstance: {fileID: 0}
  m_PrefabAsset: {fileID: 0}
  m_GameObject: {fileID: 5041754788208860261}
  m_Enabled: 1
  m_CastShadows: 1
  m_ReceiveShadows: 1
  m_DynamicOccludee: 1
  m_MotionVectors: 1
  m_LightProbeUsage: 1
  m_ReflectionProbeUsage: 1
  m_RayTracingMode: 0
  m_RenderingLayerMask: 1
  m_RendererPriority: 0
  m_Materials:
  - {fileID: 2100000, guid: a5f6f35b07b665b40a53cfa0abd5e23f, type: 2}
  m_StaticBatchInfo:
    firstSubMesh: 0
    subMeshCount: 0
  m_StaticBatchRoot: {fileID: 0}
  m_ProbeAnchor: {fileID: 0}
  m_LightProbeVolumeOverride: {fileID: 0}
  m_ScaleInLightmap: 1
  m_ReceiveGI: 1
  m_PreserveUVs: 0
  m_IgnoreNormalsForChartDetection: 0
  m_ImportantGI: 0
  m_StitchLightmapSeams: 1
  m_SelectedEditorRenderState: 3
  m_MinimumChartSize: 4
  m_AutoUVMaxDistance: 0.5
  m_AutoUVMaxAngle: 89
  m_LightmapParameters: {fileID: 0}
  m_SortingLayerID: 0
  m_SortingLayer: 0
  m_SortingOrder: 0
  serializedVersion: 2
  m_Quality: 0
  m_UpdateWhenOffscreen: 0
  m_SkinnedMotionVectors: 1
  m_Mesh: {fileID: 4300000, guid: bf2f6596427fc20428c0a91abb83e1ee, type: 3}
  m_Bones:
  - {fileID: 5035186861272831389}
  - {fileID: 5035546291046727099}
  - {fileID: 5035529848234677581}
  - {fileID: 5043981924681641167}
  - {fileID: 5043730357704995677}
  - {fileID: 5043939243082496707}
  - {fileID: 5035526610267195169}
  - {fileID: 5043990618961377749}
  - {fileID: 5043867648208751047}
  - {fileID: 5035573229649959231}
  - {fileID: 5043478601311253451}
  - {fileID: 5035439597995096797}
  - {fileID: 5043640135198140195}
  - {fileID: 5035498579340309859}
  - {fileID: 5043818444569354577}
  - {fileID: 5035404109137758437}
  - {fileID: 5043659172542158381}
  - {fileID: 5035203300968855863}
  - {fileID: 5043487630714213451}
  - {fileID: 5035224706206617777}
  - {fileID: 5043549748395528665}
  - {fileID: 5035508070155539885}
  - {fileID: 5043954847831744723}
  - {fileID: 5043675666030094647}
  - {fileID: 5035565084998676201}
  - {fileID: 5043643710218391799}
  - {fileID: 5043947870535535785}
  - {fileID: 5043811213365254803}
  - {fileID: 5043822038952458099}
  - {fileID: 5035146828875057799}
  - {fileID: 5035372817141861375}
  - {fileID: 5043676873684498343}
  - {fileID: 5035140818114053387}
  - {fileID: 5035339111281928811}
  - {fileID: 5043493743256344699}
  - {fileID: 5035099824233758825}
  - {fileID: 5035401981115728091}
  - {fileID: 5035428159730817953}
  - {fileID: 5043492231434843139}
  - {fileID: 5044017432812739651}
  - {fileID: 5035144464899820009}
  - {fileID: 5035452514096551699}
  - {fileID: 5035354323240628925}
  - {fileID: 5043721050440295645}
  - {fileID: 5035200337101330391}
  - {fileID: 5043720394970210523}
  - {fileID: 5043489555731413893}
  - {fileID: 5043671441956921319}
  - {fileID: 5043502016616971239}
  - {fileID: 5043608747760233907}
  - {fileID: 5035570417546155019}
  m_BlendShapeWeights: []
  m_RootBone: {fileID: 5035546291046727099}
  m_AABB:
    m_Center: {x: -0.014413029, y: 0.011801466, z: 0.004167378}
    m_Extent: {x: 0.8816122, y: 0.2517196, z: 0.6996289}
  m_DirtyAABB: 0
--- !u!1 &5041765904893376753
GameObject:
  m_ObjectHideFlags: 0
  m_CorrespondingSourceObject: {fileID: 0}
  m_PrefabInstance: {fileID: 0}
  m_PrefabAsset: {fileID: 0}
  serializedVersion: 6
  m_Component:
  - component: {fileID: 5043660644708626935}
  m_Layer: 0
  m_Name: LeftToeBase
  m_TagString: Untagged
  m_Icon: {fileID: 0}
  m_NavMeshLayer: 0
  m_StaticEditorFlags: 0
  m_IsActive: 1
--- !u!4 &5043660644708626935
Transform:
  m_ObjectHideFlags: 0
  m_CorrespondingSourceObject: {fileID: 0}
  m_PrefabInstance: {fileID: 0}
  m_PrefabAsset: {fileID: 0}
  m_GameObject: {fileID: 5041765904893376753}
  m_LocalRotation: {x: -0.00038103416, y: 0.0011566277, z: -0.3258228, w: 0.9454301}
  m_LocalPosition: {x: -0.1703359, y: -0.000000006055832, z: 0}
  m_LocalScale: {x: 1.0000006, y: 0.9999997, z: 1}
  m_Children: []
  m_Father: {fileID: 5035203300968855863}
  m_RootOrder: 0
  m_LocalEulerAnglesHint: {x: 0, y: 0, z: 0}
--- !u!1001 &2144450381527846597
PrefabInstance:
  m_ObjectHideFlags: 0
  serializedVersion: 2
  m_Modification:
    m_TransformParent: {fileID: 39333907962273588}
    m_Modifications:
    - target: {fileID: 100002, guid: 6890a03af913b874092fbb1e8337747d, type: 3}
      propertyPath: m_Name
      value: WFX_Explosion LandMine
      objectReference: {fileID: 0}
    - target: {fileID: 400002, guid: 6890a03af913b874092fbb1e8337747d, type: 3}
      propertyPath: m_LocalPosition.x
      value: -0.75647247
      objectReference: {fileID: 0}
    - target: {fileID: 400002, guid: 6890a03af913b874092fbb1e8337747d, type: 3}
      propertyPath: m_LocalPosition.y
      value: 0.5398637
      objectReference: {fileID: 0}
    - target: {fileID: 400002, guid: 6890a03af913b874092fbb1e8337747d, type: 3}
      propertyPath: m_LocalPosition.z
      value: 1.5754063
      objectReference: {fileID: 0}
    - target: {fileID: 400002, guid: 6890a03af913b874092fbb1e8337747d, type: 3}
      propertyPath: m_LocalRotation.x
      value: -0.031055305
      objectReference: {fileID: 0}
    - target: {fileID: 400002, guid: 6890a03af913b874092fbb1e8337747d, type: 3}
      propertyPath: m_LocalRotation.y
      value: 0.13291925
      objectReference: {fileID: 0}
    - target: {fileID: 400002, guid: 6890a03af913b874092fbb1e8337747d, type: 3}
      propertyPath: m_LocalRotation.z
      value: 0.017037936
      objectReference: {fileID: 0}
    - target: {fileID: 400002, guid: 6890a03af913b874092fbb1e8337747d, type: 3}
      propertyPath: m_LocalRotation.w
      value: -0.9904937
      objectReference: {fileID: 0}
    - target: {fileID: 400002, guid: 6890a03af913b874092fbb1e8337747d, type: 3}
      propertyPath: m_RootOrder
      value: 1
      objectReference: {fileID: 0}
    - target: {fileID: 400002, guid: 6890a03af913b874092fbb1e8337747d, type: 3}
      propertyPath: m_LocalEulerAnglesHint.x
      value: 115.85899
      objectReference: {fileID: 0}
    - target: {fileID: 400002, guid: 6890a03af913b874092fbb1e8337747d, type: 3}
      propertyPath: m_LocalEulerAnglesHint.y
      value: -125.83299
      objectReference: {fileID: 0}
    - target: {fileID: 400002, guid: 6890a03af913b874092fbb1e8337747d, type: 3}
      propertyPath: m_LocalEulerAnglesHint.z
      value: -113.55899
      objectReference: {fileID: 0}
    - target: {fileID: 400002, guid: 6890a03af913b874092fbb1e8337747d, type: 3}
      propertyPath: m_LocalScale.x
      value: 2.5755575
      objectReference: {fileID: 0}
    - target: {fileID: 400002, guid: 6890a03af913b874092fbb1e8337747d, type: 3}
      propertyPath: m_LocalScale.y
      value: 2.575543
      objectReference: {fileID: 0}
    - target: {fileID: 400002, guid: 6890a03af913b874092fbb1e8337747d, type: 3}
      propertyPath: m_LocalScale.z
      value: 2.5755339
      objectReference: {fileID: 0}
    m_RemovedComponents: []
  m_SourcePrefab: {fileID: 100100000, guid: 6890a03af913b874092fbb1e8337747d, type: 3}
--- !u!1001 &5039819583828112430
PrefabInstance:
  m_ObjectHideFlags: 0
  serializedVersion: 2
  m_Modification:
    m_TransformParent: {fileID: 5035431151532981087}
    m_Modifications:
    - target: {fileID: -4216859302048453862, guid: 7546ca5db79c8e94db0c2991c6c1111a,
        type: 3}
      propertyPath: m_LocalPosition.x
      value: 0.021
      objectReference: {fileID: 0}
    - target: {fileID: -4216859302048453862, guid: 7546ca5db79c8e94db0c2991c6c1111a,
        type: 3}
      propertyPath: m_LocalPosition.y
      value: 0.004
      objectReference: {fileID: 0}
    - target: {fileID: -4216859302048453862, guid: 7546ca5db79c8e94db0c2991c6c1111a,
        type: 3}
      propertyPath: m_LocalPosition.z
      value: 0.067
      objectReference: {fileID: 0}
    - target: {fileID: -4216859302048453862, guid: 7546ca5db79c8e94db0c2991c6c1111a,
        type: 3}
      propertyPath: m_LocalRotation.x
      value: -0.135765
      objectReference: {fileID: 0}
    - target: {fileID: -4216859302048453862, guid: 7546ca5db79c8e94db0c2991c6c1111a,
        type: 3}
      propertyPath: m_LocalRotation.y
      value: -0.009211565
      objectReference: {fileID: 0}
    - target: {fileID: -4216859302048453862, guid: 7546ca5db79c8e94db0c2991c6c1111a,
        type: 3}
      propertyPath: m_LocalRotation.z
      value: 0.016290687
      objectReference: {fileID: 0}
    - target: {fileID: -4216859302048453862, guid: 7546ca5db79c8e94db0c2991c6c1111a,
        type: 3}
      propertyPath: m_LocalRotation.w
      value: 0.9905643
      objectReference: {fileID: 0}
    - target: {fileID: -4216859302048453862, guid: 7546ca5db79c8e94db0c2991c6c1111a,
        type: 3}
      propertyPath: m_RootOrder
      value: 0
      objectReference: {fileID: 0}
    - target: {fileID: -4216859302048453862, guid: 7546ca5db79c8e94db0c2991c6c1111a,
        type: 3}
      propertyPath: m_LocalEulerAnglesHint.x
      value: -15.585001
      objectReference: {fileID: 0}
    - target: {fileID: -4216859302048453862, guid: 7546ca5db79c8e94db0c2991c6c1111a,
        type: 3}
      propertyPath: m_LocalEulerAnglesHint.y
      value: -1.3490001
      objectReference: {fileID: 0}
    - target: {fileID: -4216859302048453862, guid: 7546ca5db79c8e94db0c2991c6c1111a,
        type: 3}
      propertyPath: m_LocalEulerAnglesHint.z
      value: 2.069
      objectReference: {fileID: 0}
    - target: {fileID: -4216859302048453862, guid: 7546ca5db79c8e94db0c2991c6c1111a,
        type: 3}
      propertyPath: m_LocalScale.x
      value: 0.16396
      objectReference: {fileID: 0}
    - target: {fileID: -4216859302048453862, guid: 7546ca5db79c8e94db0c2991c6c1111a,
        type: 3}
      propertyPath: m_LocalScale.y
      value: 0.16396
      objectReference: {fileID: 0}
    - target: {fileID: -4216859302048453862, guid: 7546ca5db79c8e94db0c2991c6c1111a,
        type: 3}
      propertyPath: m_LocalScale.z
      value: 0.16396
      objectReference: {fileID: 0}
    - target: {fileID: -927199367670048503, guid: 7546ca5db79c8e94db0c2991c6c1111a,
        type: 3}
      propertyPath: m_Name
      value: Mesh_RPG_Low_1
      objectReference: {fileID: 0}
    - target: {fileID: 3507524760916827117, guid: 7546ca5db79c8e94db0c2991c6c1111a,
        type: 3}
      propertyPath: m_Materials.Array.data[0]
      value: 
      objectReference: {fileID: 2100000, guid: 0ce7c7eb004591742a6e15e4dd2175bb, type: 2}
    - target: {fileID: 7093578265587832512, guid: 7546ca5db79c8e94db0c2991c6c1111a,
        type: 3}
      propertyPath: m_LocalPosition.x
      value: -0.205
      objectReference: {fileID: 0}
    - target: {fileID: 7093578265587832512, guid: 7546ca5db79c8e94db0c2991c6c1111a,
        type: 3}
      propertyPath: m_LocalPosition.z
      value: -0.092
      objectReference: {fileID: 0}
    - target: {fileID: 7093578265587832512, guid: 7546ca5db79c8e94db0c2991c6c1111a,
        type: 3}
      propertyPath: m_LocalRotation.y
      value: -0.13256773
      objectReference: {fileID: 0}
    - target: {fileID: 7093578265587832512, guid: 7546ca5db79c8e94db0c2991c6c1111a,
        type: 3}
      propertyPath: m_LocalRotation.z
      value: 0.06038855
      objectReference: {fileID: 0}
    - target: {fileID: 7093578265587832512, guid: 7546ca5db79c8e94db0c2991c6c1111a,
        type: 3}
      propertyPath: m_LocalRotation.x
      value: 0.03818231
      objectReference: {fileID: 0}
    - target: {fileID: 7093578265587832512, guid: 7546ca5db79c8e94db0c2991c6c1111a,
        type: 3}
      propertyPath: m_LocalRotation.w
      value: 0.98859555
      objectReference: {fileID: 0}
    - target: {fileID: 7093578265587832512, guid: 7546ca5db79c8e94db0c2991c6c1111a,
        type: 3}
      propertyPath: m_LocalPosition.y
      value: -0.217
      objectReference: {fileID: 0}
    - target: {fileID: 7093578265587832512, guid: 7546ca5db79c8e94db0c2991c6c1111a,
        type: 3}
      propertyPath: m_LocalEulerAnglesHint.x
      value: 5.2500005
      objectReference: {fileID: 0}
    - target: {fileID: 7093578265587832512, guid: 7546ca5db79c8e94db0c2991c6c1111a,
        type: 3}
      propertyPath: m_LocalEulerAnglesHint.y
      value: -14.986001
      objectReference: {fileID: 0}
    - target: {fileID: 7093578265587832512, guid: 7546ca5db79c8e94db0c2991c6c1111a,
        type: 3}
      propertyPath: m_LocalEulerAnglesHint.z
      value: 6.3
      objectReference: {fileID: 0}
    m_RemovedComponents: []
  m_SourcePrefab: {fileID: 100100000, guid: 7546ca5db79c8e94db0c2991c6c1111a, type: 3}
--- !u!4 &39333907962273588 stripped
Transform:
  m_CorrespondingSourceObject: {fileID: -4216859302048453862, guid: 7546ca5db79c8e94db0c2991c6c1111a,
    type: 3}
  m_PrefabInstance: {fileID: 5039819583828112430}
  m_PrefabAsset: {fileID: 0}
