%YAML 1.1
%TAG !u! tag:unity3d.com,2011:
--- !u!1 &1157426076832339663
GameObject:
  m_ObjectHideFlags: 0
  m_CorrespondingSourceObject: {fileID: 0}
  m_PrefabInstance: {fileID: 0}
  m_PrefabAsset: {fileID: 0}
  serializedVersion: 6
  m_Component:
  - component: {fileID: 1154365195690286869}
  - component: {fileID: 1245127588994937965}
  - component: {fileID: -6509674845400395045}
  - component: {fileID: 6374090345605484895}
  - component: {fileID: 2317238722396384709}
  - component: {fileID: -4247229657262531617}
  m_Layer: 0
  m_Name: Shotgunner_Unit_Prefab_1
  m_TagString: Unit
  m_Icon: {fileID: 0}
  m_NavMeshLayer: 0
  m_StaticEditorFlags: 0
  m_IsActive: 1
--- !u!4 &1154365195690286869
Transform:
  m_ObjectHideFlags: 0
  m_CorrespondingSourceObject: {fileID: 0}
  m_PrefabInstance: {fileID: 0}
  m_PrefabAsset: {fileID: 0}
  m_GameObject: {fileID: 1157426076832339663}
  m_LocalRotation: {x: 0, y: 0, z: 0, w: 1}
  m_LocalPosition: {x: 0, y: 0, z: 0}
  m_LocalScale: {x: 5, y: 5, z: 5}
  m_Children:
  - {fileID: 1154496820147453897}
  - {fileID: 1160471252501075511}
  - {fileID: 1154149675141824387}
  - {fileID: 1154136219288105279}
  - {fileID: 1154538413202717873}
  - {fileID: 1160706250918722367}
  - {fileID: 1160301320856004519}
  - {fileID: 1154191980785242181}
  m_Father: {fileID: 0}
  m_RootOrder: 0
  m_LocalEulerAnglesHint: {x: 0, y: 0, z: 0}
--- !u!95 &1245127588994937965
Animator:
  serializedVersion: 3
  m_ObjectHideFlags: 0
  m_CorrespondingSourceObject: {fileID: 0}
  m_PrefabInstance: {fileID: 0}
  m_PrefabAsset: {fileID: 0}
  m_GameObject: {fileID: 1157426076832339663}
  m_Enabled: 1
  m_Avatar: {fileID: 9000000, guid: 2cded674c8370b04cb52b6e47e8d32df, type: 3}
  m_Controller: {fileID: 9100000, guid: ae2ad532c96e47c439874183ae5b7c9e, type: 2}
  m_CullingMode: 1
  m_UpdateMode: 0
  m_ApplyRootMotion: 0
  m_LinearVelocityBlending: 0
  m_WarningMessage: 
  m_HasTransformHierarchy: 1
  m_AllowConstantClipSamplingOptimization: 1
  m_KeepAnimatorControllerStateOnDisable: 0
--- !u!64 &-6509674845400395045
MeshCollider:
  m_ObjectHideFlags: 0
  m_CorrespondingSourceObject: {fileID: 0}
  m_PrefabInstance: {fileID: 0}
  m_PrefabAsset: {fileID: 0}
  m_GameObject: {fileID: 1157426076832339663}
  m_Material: {fileID: 0}
  m_IsTrigger: 0
  m_Enabled: 1
  serializedVersion: 4
  m_Convex: 0
  m_CookingOptions: 30
  m_Mesh: {fileID: 4300002, guid: cf0ba5054293ae6499b99da64c06c2fc, type: 3}
--- !u!114 &6374090345605484895
MonoBehaviour:
  m_ObjectHideFlags: 0
  m_CorrespondingSourceObject: {fileID: 0}
  m_PrefabInstance: {fileID: 0}
  m_PrefabAsset: {fileID: 0}
  m_GameObject: {fileID: 1157426076832339663}
  m_Enabled: 1
  m_EditorHideFlags: 0
  m_Script: {fileID: 11500000, guid: aa584fbee541324448dd18d8409c7a41, type: 3}
  m_Name: 
  m_EditorClassIdentifier: 
  ObservedComponentsFoldoutOpen: 1
  Group: 0
  prefixField: -1
  Synchronization: 1
  OwnershipTransfer: 0
  ObservedComponents:
  - {fileID: 2317238722396384709}
  - {fileID: -4247229657262531617}
  viewIdField: 0
  InstantiationId: 0
  isRuntimeInstantiated: 0
--- !u!114 &2317238722396384709
MonoBehaviour:
  m_ObjectHideFlags: 0
  m_CorrespondingSourceObject: {fileID: 0}
  m_PrefabInstance: {fileID: 0}
  m_PrefabAsset: {fileID: 0}
  m_GameObject: {fileID: 1157426076832339663}
  m_Enabled: 1
  m_EditorHideFlags: 0
  m_Script: {fileID: 11500000, guid: 9b8c4a61274f60b4ea5fb4299cfdbf14, type: 3}
  m_Name: 
  m_EditorClassIdentifier: 
  ShowLayerWeightsInspector: 1
  ShowParameterInspector: 1
  m_SynchronizeParameters:
  - Type: 4
    SynchronizeType: 1
    Name: isRunning
  - Type: 9
    SynchronizeType: 1
    Name: isDead
  - Type: 4
    SynchronizeType: 1
    Name: isHit
  - Type: 4
    SynchronizeType: 1
    Name: isShooting
  - Type: 4
    SynchronizeType: 1
    Name: isIdle
  m_SynchronizeLayers:
  - SynchronizeType: 0
    LayerIndex: 0
--- !u!114 &-4247229657262531617
MonoBehaviour:
  m_ObjectHideFlags: 0
  m_CorrespondingSourceObject: {fileID: 0}
  m_PrefabInstance: {fileID: 0}
  m_PrefabAsset: {fileID: 0}
  m_GameObject: {fileID: 1157426076832339663}
  m_Enabled: 1
  m_EditorHideFlags: 0
  m_Script: {fileID: 11500000, guid: 627855c7f81362d41938ffe0b1475957, type: 3}
  m_Name: 
  m_EditorClassIdentifier: 
  m_SynchronizePosition: 1
  m_SynchronizeRotation: 1
  m_SynchronizeScale: 0
--- !u!1 &1157426937825897085
GameObject:
  m_ObjectHideFlags: 0
  m_CorrespondingSourceObject: {fileID: 0}
  m_PrefabInstance: {fileID: 0}
  m_PrefabAsset: {fileID: 0}
  serializedVersion: 6
  m_Component:
  - component: {fileID: 1154457595124908319}
  m_Layer: 0
  m_Name: RightUpLeg
  m_TagString: Untagged
  m_Icon: {fileID: 0}
  m_NavMeshLayer: 0
  m_StaticEditorFlags: 0
  m_IsActive: 1
--- !u!4 &1154457595124908319
Transform:
  m_ObjectHideFlags: 0
  m_CorrespondingSourceObject: {fileID: 0}
  m_PrefabInstance: {fileID: 0}
  m_PrefabAsset: {fileID: 0}
  m_GameObject: {fileID: 1157426937825897085}
  m_LocalRotation: {x: -0.050240837, y: 0.9974791, z: -0.00055683503, w: -0.05011077}
  m_LocalPosition: {x: 0.00000009689331, y: 0.00000017561912, z: -0.09406086}
  m_LocalScale: {x: 0.99999994, y: 1, z: 1}
  m_Children:
  - {fileID: 1154132023536542849}
  m_Father: {fileID: 1154521271082440617}
  m_RootOrder: 1
  m_LocalEulerAnglesHint: {x: 0, y: 0, z: 0}
--- !u!1 &1157442898722105661
GameObject:
  m_ObjectHideFlags: 0
  m_CorrespondingSourceObject: {fileID: 0}
  m_PrefabInstance: {fileID: 0}
  m_PrefabAsset: {fileID: 0}
  serializedVersion: 6
  m_Component:
  - component: {fileID: 1154338948875715097}
  m_Layer: 0
  m_Name: Neck
  m_TagString: Untagged
  m_Icon: {fileID: 0}
  m_NavMeshLayer: 0
  m_StaticEditorFlags: 0
  m_IsActive: 1
--- !u!4 &1154338948875715097
Transform:
  m_ObjectHideFlags: 0
  m_CorrespondingSourceObject: {fileID: 0}
  m_PrefabInstance: {fileID: 0}
  m_PrefabAsset: {fileID: 0}
  m_GameObject: {fileID: 1157442898722105661}
  m_LocalRotation: {x: -0.0000019234692, y: 0.0000048634447, z: -0.250427, w: 0.9681355}
  m_LocalPosition: {x: -0.1377692, y: -0.0255842, z: -0.000000030257155}
  m_LocalScale: {x: 0.9999999, y: 0.9999999, z: 1}
  m_Children:
  - {fileID: 1160265554290123513}
  m_Father: {fileID: 1154224667238505571}
  m_RootOrder: 1
  m_LocalEulerAnglesHint: {x: 0, y: 0, z: 0}
--- !u!1 &1157457773433159457
GameObject:
  m_ObjectHideFlags: 0
  m_CorrespondingSourceObject: {fileID: 0}
  m_PrefabInstance: {fileID: 0}
  m_PrefabAsset: {fileID: 0}
  serializedVersion: 6
  m_Component:
  - component: {fileID: 1154071803090350037}
  m_Layer: 0
  m_Name: ExposeTransform003
  m_TagString: Untagged
  m_Icon: {fileID: 0}
  m_NavMeshLayer: 0
  m_StaticEditorFlags: 0
  m_IsActive: 1
--- !u!4 &1154071803090350037
Transform:
  m_ObjectHideFlags: 0
  m_CorrespondingSourceObject: {fileID: 0}
  m_PrefabInstance: {fileID: 0}
  m_PrefabAsset: {fileID: 0}
  m_GameObject: {fileID: 1157457773433159457}
  m_LocalRotation: {x: -0.0000018328434, y: 0.0000024139883, z: 0.0000000894114, w: 1}
  m_LocalPosition: {x: 0.00000014533997, y: 0.000000024223327, z: -0.00000009689331}
  m_LocalScale: {x: 0.9999994, y: 0.99999994, z: 1.0000006}
  m_Children: []
  m_Father: {fileID: 1160299984799171699}
  m_RootOrder: 0
  m_LocalEulerAnglesHint: {x: 0, y: 0, z: 0}
--- !u!1 &1157464048320177707
GameObject:
  m_ObjectHideFlags: 0
  m_CorrespondingSourceObject: {fileID: 0}
  m_PrefabInstance: {fileID: 0}
  m_PrefabAsset: {fileID: 0}
  serializedVersion: 6
  m_Component:
  - component: {fileID: 1160683787334122981}
  m_Layer: 0
  m_Name: RightHandThumb1
  m_TagString: Untagged
  m_Icon: {fileID: 0}
  m_NavMeshLayer: 0
  m_StaticEditorFlags: 0
  m_IsActive: 1
--- !u!4 &1160683787334122981
Transform:
  m_ObjectHideFlags: 0
  m_CorrespondingSourceObject: {fileID: 0}
  m_PrefabInstance: {fileID: 0}
  m_PrefabAsset: {fileID: 0}
  m_GameObject: {fileID: 1157464048320177707}
  m_LocalRotation: {x: -0.6311726, y: -0.2704875, z: 0.004673471, w: 0.7269359}
  m_LocalPosition: {x: -0.023247758, y: -0.02182551, z: -0.03765809}
  m_LocalScale: {x: 0.9999969, y: 0.9999982, z: 1.0000048}
  m_Children:
  - {fileID: 1154501834642622295}
  m_Father: {fileID: 1160642161906961769}
  m_RootOrder: 4
  m_LocalEulerAnglesHint: {x: 0, y: 0, z: 0}
--- !u!1 &1157475047654638855
GameObject:
  m_ObjectHideFlags: 0
  m_CorrespondingSourceObject: {fileID: 0}
  m_PrefabInstance: {fileID: 0}
  m_PrefabAsset: {fileID: 0}
  serializedVersion: 6
  m_Component:
  - component: {fileID: 1160802342780717033}
  m_Layer: 0
  m_Name: RightArm
  m_TagString: Untagged
  m_Icon: {fileID: 0}
  m_NavMeshLayer: 0
  m_StaticEditorFlags: 0
  m_IsActive: 1
--- !u!4 &1160802342780717033
Transform:
  m_ObjectHideFlags: 0
  m_CorrespondingSourceObject: {fileID: 0}
  m_PrefabInstance: {fileID: 0}
  m_PrefabAsset: {fileID: 0}
  m_GameObject: {fileID: 1157475047654638855}
  m_LocalRotation: {x: -0.017748643, y: -0.327811, z: 0.13856596, w: 0.93435776}
  m_LocalPosition: {x: -0.16826536, y: 0, z: 0}
  m_LocalScale: {x: 0.99999994, y: 1, z: 1}
  m_Children:
  - {fileID: 1160299984799171699}
  m_Father: {fileID: 1160619825743899575}
  m_RootOrder: 0
  m_LocalEulerAnglesHint: {x: 0, y: 0, z: 0}
--- !u!1 &1157491744158879531
GameObject:
  m_ObjectHideFlags: 0
  m_CorrespondingSourceObject: {fileID: 0}
  m_PrefabInstance: {fileID: 0}
  m_PrefabAsset: {fileID: 0}
  serializedVersion: 6
  m_Component:
  - component: {fileID: 1154094844090595533}
  m_Layer: 0
  m_Name: RightHandMiddle1
  m_TagString: Untagged
  m_Icon: {fileID: 0}
  m_NavMeshLayer: 0
  m_StaticEditorFlags: 0
  m_IsActive: 1
--- !u!4 &1154094844090595533
Transform:
  m_ObjectHideFlags: 0
  m_CorrespondingSourceObject: {fileID: 0}
  m_PrefabInstance: {fileID: 0}
  m_PrefabAsset: {fileID: 0}
  m_GameObject: {fileID: 1157491744158879531}
  m_LocalRotation: {x: 0.000774476, y: -0.01195396, z: 0.12962827, w: 0.9914903}
  m_LocalPosition: {x: -0.12065576, y: 0.011454436, z: -0.003380547}
  m_LocalScale: {x: 0.99999577, y: 1.0000038, z: 1.0000002}
  m_Children:
  - {fileID: 1154509746137011049}
  m_Father: {fileID: 1160642161906961769}
  m_RootOrder: 2
  m_LocalEulerAnglesHint: {x: 0, y: 0, z: 0}
--- !u!1 &1157500702488072419
GameObject:
  m_ObjectHideFlags: 0
  m_CorrespondingSourceObject: {fileID: 0}
  m_PrefabInstance: {fileID: 0}
  m_PrefabAsset: {fileID: 0}
  serializedVersion: 6
  m_Component:
  - component: {fileID: 1160722141797693517}
  m_Layer: 0
  m_Name: LeftHand
  m_TagString: Untagged
  m_Icon: {fileID: 0}
  m_NavMeshLayer: 0
  m_StaticEditorFlags: 0
  m_IsActive: 1
--- !u!4 &1160722141797693517
Transform:
  m_ObjectHideFlags: 0
  m_CorrespondingSourceObject: {fileID: 0}
  m_PrefabInstance: {fileID: 0}
  m_PrefabAsset: {fileID: 0}
  m_GameObject: {fileID: 1157500702488072419}
  m_LocalRotation: {x: -0.6102124, y: 0.037040316, z: 0.10210393, w: 0.78475714}
  m_LocalPosition: {x: -0.26497987, y: 0.000000048446655, z: -0.00000009689331}
  m_LocalScale: {x: 0.9999997, y: 1.0000005, z: 0.99999976}
  m_Children:
  - {fileID: 1154135587017309639}
  - {fileID: 1154117887174260993}
  - {fileID: 1154190517100106091}
  - {fileID: 1154443448321212247}
  - {fileID: 1154536202115898587}
  m_Father: {fileID: 1160349344078908583}
  m_RootOrder: 2
  m_LocalEulerAnglesHint: {x: 0, y: 0, z: 0}
--- !u!1 &1157538341252014605
GameObject:
  m_ObjectHideFlags: 0
  m_CorrespondingSourceObject: {fileID: 0}
  m_PrefabInstance: {fileID: 0}
  m_PrefabAsset: {fileID: 0}
  serializedVersion: 6
  m_Component:
  - component: {fileID: 1154501834642622295}
  m_Layer: 0
  m_Name: RightHandThumb2
  m_TagString: Untagged
  m_Icon: {fileID: 0}
  m_NavMeshLayer: 0
  m_StaticEditorFlags: 0
  m_IsActive: 1
--- !u!4 &1154501834642622295
Transform:
  m_ObjectHideFlags: 0
  m_CorrespondingSourceObject: {fileID: 0}
  m_PrefabInstance: {fileID: 0}
  m_PrefabAsset: {fileID: 0}
  m_GameObject: {fileID: 1157538341252014605}
  m_LocalRotation: {x: -0.07674263, y: 0.018490553, z: 0.010804601, w: 0.9968209}
  m_LocalPosition: {x: -0.0461545, y: 0.00000014533997, z: 0}
  m_LocalScale: {x: 0.99999684, y: 0.9999993, z: 1.0000037}
  m_Children:
  - {fileID: 1160444854436290325}
  m_Father: {fileID: 1160683787334122981}
  m_RootOrder: 0
  m_LocalEulerAnglesHint: {x: 0, y: 0, z: 0}
--- !u!1 &1157552201928071601
GameObject:
  m_ObjectHideFlags: 0
  m_CorrespondingSourceObject: {fileID: 0}
  m_PrefabInstance: {fileID: 0}
  m_PrefabAsset: {fileID: 0}
  serializedVersion: 6
  m_Component:
  - component: {fileID: 1154136219288105279}
  - component: {fileID: 1296016477647503747}
  m_Layer: 0
  m_Name: Glasses_01
  m_TagString: Untagged
  m_Icon: {fileID: 0}
  m_NavMeshLayer: 0
  m_StaticEditorFlags: 0
  m_IsActive: 1
--- !u!4 &1154136219288105279
Transform:
  m_ObjectHideFlags: 0
  m_CorrespondingSourceObject: {fileID: 0}
  m_PrefabInstance: {fileID: 0}
  m_PrefabAsset: {fileID: 0}
  m_GameObject: {fileID: 1157552201928071601}
  m_LocalRotation: {x: 0.00000008146034, y: -0, z: -0, w: 1}
  m_LocalPosition: {x: -0, y: 0, z: 0}
  m_LocalScale: {x: 0.9721373, y: 0.9721373, z: 0.9721373}
  m_Children: []
  m_Father: {fileID: 1154365195690286869}
  m_RootOrder: 3
  m_LocalEulerAnglesHint: {x: 0, y: 0, z: 0}
--- !u!137 &1296016477647503747
SkinnedMeshRenderer:
  m_ObjectHideFlags: 0
  m_CorrespondingSourceObject: {fileID: 0}
  m_PrefabInstance: {fileID: 0}
  m_PrefabAsset: {fileID: 0}
  m_GameObject: {fileID: 1157552201928071601}
  m_Enabled: 1
  m_CastShadows: 1
  m_ReceiveShadows: 1
  m_DynamicOccludee: 1
  m_MotionVectors: 1
  m_LightProbeUsage: 1
  m_ReflectionProbeUsage: 1
  m_RayTracingMode: 0
  m_RenderingLayerMask: 1
  m_RendererPriority: 0
  m_Materials:
  - {fileID: 2100000, guid: 7f1eb34739a3b3d42939c713eed2a3ad, type: 2}
  m_StaticBatchInfo:
    firstSubMesh: 0
    subMeshCount: 0
  m_StaticBatchRoot: {fileID: 0}
  m_ProbeAnchor: {fileID: 0}
  m_LightProbeVolumeOverride: {fileID: 0}
  m_ScaleInLightmap: 1
  m_ReceiveGI: 1
  m_PreserveUVs: 0
  m_IgnoreNormalsForChartDetection: 0
  m_ImportantGI: 0
  m_StitchLightmapSeams: 1
  m_SelectedEditorRenderState: 3
  m_MinimumChartSize: 4
  m_AutoUVMaxDistance: 0.5
  m_AutoUVMaxAngle: 89
  m_LightmapParameters: {fileID: 0}
  m_SortingLayerID: 0
  m_SortingLayer: 0
  m_SortingOrder: 0
  serializedVersion: 2
  m_Quality: 0
  m_UpdateWhenOffscreen: 0
  m_SkinnedMotionVectors: 1
  m_Mesh: {fileID: 4300002, guid: 2cded674c8370b04cb52b6e47e8d32df, type: 3}
  m_Bones:
  - {fileID: 1160265554290123513}
  - {fileID: 1154338948875715097}
  - {fileID: 1154224667238505571}
  - {fileID: 1160786878717859357}
  - {fileID: 1160241686151542075}
  m_BlendShapeWeights: []
  m_RootBone: {fileID: 1160241686151542075}
  m_AABB:
    m_Center: {x: -0.5638205, y: 0.07453875, z: 0.0019861385}
    m_Extent: {x: 0.023235202, y: 0.07641418, z: 0.08208652}
  m_DirtyAABB: 0
--- !u!1 &1157558302831557045
GameObject:
  m_ObjectHideFlags: 0
  m_CorrespondingSourceObject: {fileID: 0}
  m_PrefabInstance: {fileID: 0}
  m_PrefabAsset: {fileID: 0}
  serializedVersion: 6
  m_Component:
  - component: {fileID: 1154243572036531081}
  m_Layer: 0
  m_Name: LeftForeArmTwist 1
  m_TagString: Untagged
  m_Icon: {fileID: 0}
  m_NavMeshLayer: 0
  m_StaticEditorFlags: 0
  m_IsActive: 1
--- !u!4 &1154243572036531081
Transform:
  m_ObjectHideFlags: 0
  m_CorrespondingSourceObject: {fileID: 0}
  m_PrefabInstance: {fileID: 0}
  m_PrefabAsset: {fileID: 0}
  m_GameObject: {fileID: 1157558302831557045}
  m_LocalRotation: {x: -0.0000023394814, y: 0.000002950431, z: -0.00000040977508,
    w: 1}
  m_LocalPosition: {x: -0.1500085, y: -0.000000072669984, z: 0.00000058135987}
  m_LocalScale: {x: 0.9999999, y: 0.9999999, z: 1.0000001}
  m_Children: []
  m_Father: {fileID: 1160299984799171699}
  m_RootOrder: 1
  m_LocalEulerAnglesHint: {x: 0, y: 0, z: 0}
--- !u!1 &1157567771002212805
GameObject:
  m_ObjectHideFlags: 0
  m_CorrespondingSourceObject: {fileID: 0}
  m_PrefabInstance: {fileID: 0}
  m_PrefabAsset: {fileID: 0}
  serializedVersion: 6
  m_Component:
  - component: {fileID: 1160601376057997083}
  m_Layer: 0
  m_Name: LeftHandMiddle2
  m_TagString: Untagged
  m_Icon: {fileID: 0}
  m_NavMeshLayer: 0
  m_StaticEditorFlags: 0
  m_IsActive: 1
--- !u!4 &1160601376057997083
Transform:
  m_ObjectHideFlags: 0
  m_CorrespondingSourceObject: {fileID: 0}
  m_PrefabInstance: {fileID: 0}
  m_PrefabAsset: {fileID: 0}
  m_GameObject: {fileID: 1157567771002212805}
  m_LocalRotation: {x: -0.0028219037, y: 0.0036869443, z: 0.10826891, w: 0.9941108}
  m_LocalPosition: {x: -0.038134493, y: 0.00000019378662, z: -0.000000072669984}
  m_LocalScale: {x: 0.99999756, y: 1.0000024, z: 0.99999994}
  m_Children:
  - {fileID: 1160275794265928091}
  m_Father: {fileID: 1154190517100106091}
  m_RootOrder: 0
  m_LocalEulerAnglesHint: {x: 0, y: 0, z: 0}
--- !u!1 &1157576073338036739
GameObject:
  m_ObjectHideFlags: 0
  m_CorrespondingSourceObject: {fileID: 0}
  m_PrefabInstance: {fileID: 0}
  m_PrefabAsset: {fileID: 0}
  serializedVersion: 6
  m_Component:
  - component: {fileID: 1160336431008191993}
  m_Layer: 0
  m_Name: LeftUpLeg
  m_TagString: Untagged
  m_Icon: {fileID: 0}
  m_NavMeshLayer: 0
  m_StaticEditorFlags: 0
  m_IsActive: 1
--- !u!4 &1160336431008191993
Transform:
  m_ObjectHideFlags: 0
  m_CorrespondingSourceObject: {fileID: 0}
  m_PrefabInstance: {fileID: 0}
  m_PrefabAsset: {fileID: 0}
  m_GameObject: {fileID: 1157576073338036739}
  m_LocalRotation: {x: -0.052760884, y: 0.99745154, z: -0.00038060907, w: 0.048027452}
  m_LocalPosition: {x: 0.00000009689331, y: 0.00000017561912, z: 0.09406086}
  m_LocalScale: {x: 1, y: 1, z: 1}
  m_Children:
  - {fileID: 1154198025586890223}
  m_Father: {fileID: 1154521271082440617}
  m_RootOrder: 0
  m_LocalEulerAnglesHint: {x: 0, y: 0, z: 0}
--- !u!1 &1157605481319261539
GameObject:
  m_ObjectHideFlags: 0
  m_CorrespondingSourceObject: {fileID: 0}
  m_PrefabInstance: {fileID: 0}
  m_PrefabAsset: {fileID: 0}
  serializedVersion: 6
  m_Component:
  - component: {fileID: 1160265554290123513}
  m_Layer: 0
  m_Name: Head
  m_TagString: Untagged
  m_Icon: {fileID: 0}
  m_NavMeshLayer: 0
  m_StaticEditorFlags: 0
  m_IsActive: 1
--- !u!4 &1160265554290123513
Transform:
  m_ObjectHideFlags: 0
  m_CorrespondingSourceObject: {fileID: 0}
  m_PrefabInstance: {fileID: 0}
  m_PrefabAsset: {fileID: 0}
  m_GameObject: {fileID: 1157605481319261539}
  m_LocalRotation: {x: 0.0000024192238, y: -0.0000048728994, z: 0.2839383, w: 0.9588426}
  m_LocalPosition: {x: -0.113761075, y: -0.006113532, z: 0.000000034760415}
  m_LocalScale: {x: 0.9999999, y: 0.9999999, z: 1}
  m_Children: []
  m_Father: {fileID: 1154338948875715097}
  m_RootOrder: 0
  m_LocalEulerAnglesHint: {x: 0, y: 0, z: 0}
--- !u!1 &1157614472742606821
GameObject:
  m_ObjectHideFlags: 0
  m_CorrespondingSourceObject: {fileID: 0}
  m_PrefabInstance: {fileID: 0}
  m_PrefabAsset: {fileID: 0}
  serializedVersion: 6
  m_Component:
  - component: {fileID: 1160538882786056929}
  m_Layer: 0
  m_Name: RightHandIndex2
  m_TagString: Untagged
  m_Icon: {fileID: 0}
  m_NavMeshLayer: 0
  m_StaticEditorFlags: 0
  m_IsActive: 1
--- !u!4 &1160538882786056929
Transform:
  m_ObjectHideFlags: 0
  m_CorrespondingSourceObject: {fileID: 0}
  m_PrefabInstance: {fileID: 0}
  m_PrefabAsset: {fileID: 0}
  m_GameObject: {fileID: 1157614472742606821}
  m_LocalRotation: {x: -0.015527651, y: -0.03439846, z: 0.041006997, w: 0.9984458}
  m_LocalPosition: {x: -0.025659965, y: 0.00000009689331, z: -0.000000012111664}
  m_LocalScale: {x: 0.9999954, y: 1.0000037, z: 1.0000006}
  m_Children:
  - {fileID: 1154214250972092659}
  m_Father: {fileID: 1154529945797977739}
  m_RootOrder: 0
  m_LocalEulerAnglesHint: {x: 0, y: 0, z: 0}
--- !u!1 &1157631147173937571
GameObject:
  m_ObjectHideFlags: 0
  m_CorrespondingSourceObject: {fileID: 0}
  m_PrefabInstance: {fileID: 0}
  m_PrefabAsset: {fileID: 0}
  serializedVersion: 6
  m_Component:
  - component: {fileID: 1160774124727682309}
  m_Layer: 0
  m_Name: LeftHandLittle3
  m_TagString: Untagged
  m_Icon: {fileID: 0}
  m_NavMeshLayer: 0
  m_StaticEditorFlags: 0
  m_IsActive: 1
--- !u!4 &1160774124727682309
Transform:
  m_ObjectHideFlags: 0
  m_CorrespondingSourceObject: {fileID: 0}
  m_PrefabInstance: {fileID: 0}
  m_PrefabAsset: {fileID: 0}
  m_GameObject: {fileID: 1157631147173937571}
  m_LocalRotation: {x: 0.015110863, y: -0.047373097, z: 0.06577485, w: 0.9965948}
  m_LocalPosition: {x: -0.028174782, y: -0.00000009689331, z: -0.000000090837474}
  m_LocalScale: {x: 1.0000015, y: 0.99999994, z: 0.9999985}
  m_Children: []
  m_Father: {fileID: 1160380604585630957}
  m_RootOrder: 0
  m_LocalEulerAnglesHint: {x: 0, y: 0, z: 0}
--- !u!1 &1157633059354317935
GameObject:
  m_ObjectHideFlags: 0
  m_CorrespondingSourceObject: {fileID: 0}
  m_PrefabInstance: {fileID: 0}
  m_PrefabAsset: {fileID: 0}
  serializedVersion: 6
  m_Component:
  - component: {fileID: 1160752355979817255}
  m_Layer: 0
  m_Name: RightToeBase
  m_TagString: Untagged
  m_Icon: {fileID: 0}
  m_NavMeshLayer: 0
  m_StaticEditorFlags: 0
  m_IsActive: 1
--- !u!4 &1160752355979817255
Transform:
  m_ObjectHideFlags: 0
  m_CorrespondingSourceObject: {fileID: 0}
  m_PrefabInstance: {fileID: 0}
  m_PrefabAsset: {fileID: 0}
  m_GameObject: {fileID: 1157633059354317935}
  m_LocalRotation: {x: -0.019144315, y: -0.059817098, z: -0.32452974, w: 0.94378805}
  m_LocalPosition: {x: -0.17033598, y: 0.000000009083748, z: 0.000000012111664}
  m_LocalScale: {x: 1.0000023, y: 0.99999756, z: 1}
  m_Children: []
  m_Father: {fileID: 1160474918471482583}
  m_RootOrder: 0
  m_LocalEulerAnglesHint: {x: 0, y: 0, z: 0}
--- !u!1 &1157633639282630731
GameObject:
  m_ObjectHideFlags: 0
  m_CorrespondingSourceObject: {fileID: 0}
  m_PrefabInstance: {fileID: 0}
  m_PrefabAsset: {fileID: 0}
  serializedVersion: 6
  m_Component:
  - component: {fileID: 1160786878717859357}
  m_Layer: 0
  m_Name: LeftShoulder
  m_TagString: Untagged
  m_Icon: {fileID: 0}
  m_NavMeshLayer: 0
  m_StaticEditorFlags: 0
  m_IsActive: 1
--- !u!4 &1160786878717859357
Transform:
  m_ObjectHideFlags: 0
  m_CorrespondingSourceObject: {fileID: 0}
  m_PrefabInstance: {fileID: 0}
  m_PrefabAsset: {fileID: 0}
  m_GameObject: {fileID: 1157633639282630731}
  m_LocalRotation: {x: -0.011521306, y: 0.78404397, z: -0.031093802, w: 0.6198189}
  m_LocalPosition: {x: -0.13595681, y: -0.010296488, z: 0.046551626}
  m_LocalScale: {x: 1, y: 0.9999999, z: 0.9999999}
  m_Children:
  - {fileID: 1160391881745335303}
  m_Father: {fileID: 1154224667238505571}
  m_RootOrder: 0
  m_LocalEulerAnglesHint: {x: 0, y: 0, z: 0}
--- !u!1 &1157637189896269711
GameObject:
  m_ObjectHideFlags: 0
  m_CorrespondingSourceObject: {fileID: 0}
  m_PrefabInstance: {fileID: 0}
  m_PrefabAsset: {fileID: 0}
  serializedVersion: 6
  m_Component:
  - component: {fileID: 1160474918471482583}
  m_Layer: 0
  m_Name: RightFoot
  m_TagString: Untagged
  m_Icon: {fileID: 0}
  m_NavMeshLayer: 0
  m_StaticEditorFlags: 0
  m_IsActive: 1
--- !u!4 &1160474918471482583
Transform:
  m_ObjectHideFlags: 0
  m_CorrespondingSourceObject: {fileID: 0}
  m_PrefabInstance: {fileID: 0}
  m_PrefabAsset: {fileID: 0}
  m_GameObject: {fileID: 1157637189896269711}
  m_LocalRotation: {x: 0.067779, y: -0.01657275, z: -0.53816843, w: 0.8399441}
  m_LocalPosition: {x: -0.42191592, y: -0.000000012111664, z: 0}
  m_LocalScale: {x: 0.9999987, y: 1.0000012, z: 1.0000001}
  m_Children:
  - {fileID: 1160752355979817255}
  m_Father: {fileID: 1154132023536542849}
  m_RootOrder: 0
  m_LocalEulerAnglesHint: {x: 0, y: 0, z: 0}
--- !u!1 &1157681564641824747
GameObject:
  m_ObjectHideFlags: 0
  m_CorrespondingSourceObject: {fileID: 0}
  m_PrefabInstance: {fileID: 0}
  m_PrefabAsset: {fileID: 0}
  serializedVersion: 6
  m_Component:
  - component: {fileID: 1160757392592383685}
  m_Layer: 0
  m_Name: LeftToeBase
  m_TagString: Untagged
  m_Icon: {fileID: 0}
  m_NavMeshLayer: 0
  m_StaticEditorFlags: 0
  m_IsActive: 1
--- !u!4 &1160757392592383685
Transform:
  m_ObjectHideFlags: 0
  m_CorrespondingSourceObject: {fileID: 0}
  m_PrefabInstance: {fileID: 0}
  m_PrefabAsset: {fileID: 0}
  m_GameObject: {fileID: 1157681564641824747}
  m_LocalRotation: {x: -0.00038103416, y: 0.0011566277, z: -0.3258228, w: 0.9454301}
  m_LocalPosition: {x: -0.1703359, y: -0.000000006055832, z: 0}
  m_LocalScale: {x: 1.0000006, y: 0.9999997, z: 1}
  m_Children: []
  m_Father: {fileID: 1154254352758562471}
  m_RootOrder: 0
  m_LocalEulerAnglesHint: {x: 0, y: 0, z: 0}
--- !u!1 &1157682800464522183
GameObject:
  m_ObjectHideFlags: 0
  m_CorrespondingSourceObject: {fileID: 0}
  m_PrefabInstance: {fileID: 0}
  m_PrefabAsset: {fileID: 0}
  serializedVersion: 6
  m_Component:
  - component: {fileID: 1154457447327824163}
  m_Layer: 0
  m_Name: LeftHandIndex3
  m_TagString: Untagged
  m_Icon: {fileID: 0}
  m_NavMeshLayer: 0
  m_StaticEditorFlags: 0
  m_IsActive: 1
--- !u!4 &1154457447327824163
Transform:
  m_ObjectHideFlags: 0
  m_CorrespondingSourceObject: {fileID: 0}
  m_PrefabInstance: {fileID: 0}
  m_PrefabAsset: {fileID: 0}
  m_GameObject: {fileID: 1157682800464522183}
  m_LocalRotation: {x: -0.0054008346, y: 0.06647271, z: 0.08523968, w: 0.99412596}
  m_LocalPosition: {x: -0.035623502, y: 0, z: -0.000000006055832}
  m_LocalScale: {x: 0.99999964, y: 1.0000007, z: 0.99999964}
  m_Children: []
  m_Father: {fileID: 1154571686730008361}
  m_RootOrder: 0
  m_LocalEulerAnglesHint: {x: 0, y: 0, z: 0}
--- !u!1 &1157728161273093191
GameObject:
  m_ObjectHideFlags: 0
  m_CorrespondingSourceObject: {fileID: 0}
  m_PrefabInstance: {fileID: 0}
  m_PrefabAsset: {fileID: 0}
  serializedVersion: 6
  m_Component:
  - component: {fileID: 1154529945797977739}
  m_Layer: 0
  m_Name: RightHandIndex1
  m_TagString: Untagged
  m_Icon: {fileID: 0}
  m_NavMeshLayer: 0
  m_StaticEditorFlags: 0
  m_IsActive: 1
--- !u!4 &1154529945797977739
Transform:
  m_ObjectHideFlags: 0
  m_CorrespondingSourceObject: {fileID: 0}
  m_PrefabInstance: {fileID: 0}
  m_PrefabAsset: {fileID: 0}
  m_GameObject: {fileID: 1157728161273093191}
  m_LocalRotation: {x: -0.020322211, y: 0.021962343, z: 0.12170534, w: 0.99211514}
  m_LocalPosition: {x: -0.117058165, y: 0.0017695625, z: -0.033712793}
  m_LocalScale: {x: 0.99999577, y: 1.0000036, z: 1.0000005}
  m_Children:
  - {fileID: 1160538882786056929}
  m_Father: {fileID: 1160642161906961769}
  m_RootOrder: 0
  m_LocalEulerAnglesHint: {x: 0, y: 0, z: 0}
--- !u!1 &1157736782184587399
GameObject:
  m_ObjectHideFlags: 0
  m_CorrespondingSourceObject: {fileID: 0}
  m_PrefabInstance: {fileID: 0}
  m_PrefabAsset: {fileID: 0}
  serializedVersion: 6
  m_Component:
  - component: {fileID: 1154191980785242181}
  m_Layer: 0
  m_Name: Root
  m_TagString: Untagged
  m_Icon: {fileID: 0}
  m_NavMeshLayer: 0
  m_StaticEditorFlags: 0
  m_IsActive: 1
--- !u!4 &1154191980785242181
Transform:
  m_ObjectHideFlags: 0
  m_CorrespondingSourceObject: {fileID: 0}
  m_PrefabInstance: {fileID: 0}
  m_PrefabAsset: {fileID: 0}
  m_GameObject: {fileID: 1157736782184587399}
  m_LocalRotation: {x: 0.5000008, y: -0.5000008, z: -0.49999928, w: 0.49999928}
  m_LocalPosition: {x: -0.00000002962447, y: -0.00000007101425, z: -0.00000002800228}
  m_LocalScale: {x: 1, y: 1, z: 1}
  m_Children:
  - {fileID: 1154521271082440617}
  m_Father: {fileID: 1154365195690286869}
  m_RootOrder: 7
  m_LocalEulerAnglesHint: {x: 0, y: 0, z: 0}
--- !u!1 &1157773583304218581
GameObject:
  m_ObjectHideFlags: 0
  m_CorrespondingSourceObject: {fileID: 0}
  m_PrefabInstance: {fileID: 0}
  m_PrefabAsset: {fileID: 0}
  serializedVersion: 6
  m_Component:
  - component: {fileID: 1154419143104569777}
  m_Layer: 0
  m_Name: RightHandLittle1
  m_TagString: Untagged
  m_Icon: {fileID: 0}
  m_NavMeshLayer: 0
  m_StaticEditorFlags: 0
  m_IsActive: 1
--- !u!4 &1154419143104569777
Transform:
  m_ObjectHideFlags: 0
  m_CorrespondingSourceObject: {fileID: 0}
  m_PrefabInstance: {fileID: 0}
  m_PrefabAsset: {fileID: 0}
  m_GameObject: {fileID: 1157773583304218581}
  m_LocalRotation: {x: 0.027751455, y: 0.06466903, z: 0.16451237, w: 0.9838615}
  m_LocalPosition: {x: -0.10477548, y: 0.0069797095, z: 0.049375582}
  m_LocalScale: {x: 0.9999953, y: 1.0000046, z: 1}
  m_Children:
  - {fileID: 1160737507858965121}
  m_Father: {fileID: 1160642161906961769}
  m_RootOrder: 1
  m_LocalEulerAnglesHint: {x: 0, y: 0, z: 0}
--- !u!1 &1157782679443394369
GameObject:
  m_ObjectHideFlags: 0
  m_CorrespondingSourceObject: {fileID: 0}
  m_PrefabInstance: {fileID: 0}
  m_PrefabAsset: {fileID: 0}
  serializedVersion: 6
  m_Component:
  - component: {fileID: 1160723328420786307}
  m_Layer: 0
  m_Name: LeftHandThumb2
  m_TagString: Untagged
  m_Icon: {fileID: 0}
  m_NavMeshLayer: 0
  m_StaticEditorFlags: 0
  m_IsActive: 1
--- !u!4 &1160723328420786307
Transform:
  m_ObjectHideFlags: 0
  m_CorrespondingSourceObject: {fileID: 0}
  m_PrefabInstance: {fileID: 0}
  m_PrefabAsset: {fileID: 0}
  m_GameObject: {fileID: 1157782679443394369}
  m_LocalRotation: {x: -0.0064305444, y: 0.00079965114, z: 0.062307812, w: 0.99803597}
  m_LocalPosition: {x: -0.047532417, y: -0.000000072669984, z: -0.00000019378662}
  m_LocalScale: {x: 1, y: 0.99999946, z: 1.0000004}
  m_Children:
  - {fileID: 1154396497055185791}
  m_Father: {fileID: 1154536202115898587}
  m_RootOrder: 0
  m_LocalEulerAnglesHint: {x: 0, y: 0, z: 0}
--- !u!1 &1157815137894049491
GameObject:
  m_ObjectHideFlags: 0
  m_CorrespondingSourceObject: {fileID: 0}
  m_PrefabInstance: {fileID: 0}
  m_PrefabAsset: {fileID: 0}
  serializedVersion: 6
  m_Component:
  - component: {fileID: 1160380604585630957}
  m_Layer: 0
  m_Name: LeftHandLittle2
  m_TagString: Untagged
  m_Icon: {fileID: 0}
  m_NavMeshLayer: 0
  m_StaticEditorFlags: 0
  m_IsActive: 1
--- !u!4 &1160380604585630957
Transform:
  m_ObjectHideFlags: 0
  m_CorrespondingSourceObject: {fileID: 0}
  m_PrefabInstance: {fileID: 0}
  m_PrefabAsset: {fileID: 0}
  m_GameObject: {fileID: 1157815137894049491}
  m_LocalRotation: {x: -0.024260903, y: 0.005597678, z: 0.04615161, w: 0.9986241}
  m_LocalPosition: {x: -0.033535454, y: 0, z: 0.000000024223327}
  m_LocalScale: {x: 0.9999997, y: 1.0000011, z: 0.9999993}
  m_Children:
  - {fileID: 1160774124727682309}
  m_Father: {fileID: 1154117887174260993}
  m_RootOrder: 0
  m_LocalEulerAnglesHint: {x: 0, y: 0, z: 0}
--- !u!1 &1157865279538160843
GameObject:
  m_ObjectHideFlags: 0
  m_CorrespondingSourceObject: {fileID: 0}
  m_PrefabInstance: {fileID: 0}
  m_PrefabAsset: {fileID: 0}
  serializedVersion: 6
  m_Component:
  - component: {fileID: 1154135587017309639}
  m_Layer: 0
  m_Name: LeftHandIndex1
  m_TagString: Untagged
  m_Icon: {fileID: 0}
  m_NavMeshLayer: 0
  m_StaticEditorFlags: 0
  m_IsActive: 1
--- !u!4 &1154135587017309639
Transform:
  m_ObjectHideFlags: 0
  m_CorrespondingSourceObject: {fileID: 0}
  m_PrefabInstance: {fileID: 0}
  m_PrefabAsset: {fileID: 0}
  m_GameObject: {fileID: 1157865279538160843}
  m_LocalRotation: {x: 0.014295767, y: -0.036374904, z: 0.12673537, w: 0.99116635}
  m_LocalPosition: {x: -0.098127484, y: -0.0007230179, z: 0.033049945}
  m_LocalScale: {x: 0.99999946, y: 1.0000005, z: 0.9999999}
  m_Children:
  - {fileID: 1154571686730008361}
  m_Father: {fileID: 1160722141797693517}
  m_RootOrder: 0
  m_LocalEulerAnglesHint: {x: 0, y: 0, z: 0}
--- !u!1 &1157872312437612095
GameObject:
  m_ObjectHideFlags: 0
  m_CorrespondingSourceObject: {fileID: 0}
  m_PrefabInstance: {fileID: 0}
  m_PrefabAsset: {fileID: 0}
  serializedVersion: 6
  m_Component:
  - component: {fileID: 1160397986260485033}
  m_Layer: 0
  m_Name: Point006
  m_TagString: Untagged
  m_Icon: {fileID: 0}
  m_NavMeshLayer: 0
  m_StaticEditorFlags: 0
  m_IsActive: 1
--- !u!4 &1160397986260485033
Transform:
  m_ObjectHideFlags: 0
  m_CorrespondingSourceObject: {fileID: 0}
  m_PrefabInstance: {fileID: 0}
  m_PrefabAsset: {fileID: 0}
  m_GameObject: {fileID: 1157872312437612095}
  m_LocalRotation: {x: -0.23627026, y: -0.00015383148, z: -0.00007466206, w: 0.9716874}
  m_LocalPosition: {x: -0.13501519, y: -0.0000029067992, z: 0.000014049529}
  m_LocalScale: {x: 0.99999994, y: 1.0000029, z: 0.9999969}
  m_Children: []
  m_Father: {fileID: 1160299984799171699}
  m_RootOrder: 2
  m_LocalEulerAnglesHint: {x: 0, y: 0, z: 0}
--- !u!1 &1157884975889421617
GameObject:
  m_ObjectHideFlags: 0
  m_CorrespondingSourceObject: {fileID: 0}
  m_PrefabInstance: {fileID: 0}
  m_PrefabAsset: {fileID: 0}
  serializedVersion: 6
  m_Component:
  - component: {fileID: 1154149675141824387}
  - component: {fileID: 1296102818946452037}
  m_Layer: 0
  m_Name: Body_01
  m_TagString: Untagged
  m_Icon: {fileID: 0}
  m_NavMeshLayer: 0
  m_StaticEditorFlags: 0
  m_IsActive: 1
--- !u!4 &1154149675141824387
Transform:
  m_ObjectHideFlags: 0
  m_CorrespondingSourceObject: {fileID: 0}
  m_PrefabInstance: {fileID: 0}
  m_PrefabAsset: {fileID: 0}
  m_GameObject: {fileID: 1157884975889421617}
  m_LocalRotation: {x: 0.000000021855694, y: -0, z: -0, w: 1}
  m_LocalPosition: {x: -0, y: 0, z: 0}
  m_LocalScale: {x: 0.9721373, y: 0.9721373, z: 0.9721373}
  m_Children: []
  m_Father: {fileID: 1154365195690286869}
  m_RootOrder: 2
  m_LocalEulerAnglesHint: {x: 0, y: 0, z: 0}
--- !u!137 &1296102818946452037
SkinnedMeshRenderer:
  m_ObjectHideFlags: 0
  m_CorrespondingSourceObject: {fileID: 0}
  m_PrefabInstance: {fileID: 0}
  m_PrefabAsset: {fileID: 0}
  m_GameObject: {fileID: 1157884975889421617}
  m_Enabled: 1
  m_CastShadows: 1
  m_ReceiveShadows: 1
  m_DynamicOccludee: 1
  m_MotionVectors: 1
  m_LightProbeUsage: 1
  m_ReflectionProbeUsage: 1
  m_RayTracingMode: 0
  m_RenderingLayerMask: 1
  m_RendererPriority: 0
  m_Materials:
  - {fileID: 2100000, guid: a5f6f35b07b665b40a53cfa0abd5e23f, type: 2}
  m_StaticBatchInfo:
    firstSubMesh: 0
    subMeshCount: 0
  m_StaticBatchRoot: {fileID: 0}
  m_ProbeAnchor: {fileID: 0}
  m_LightProbeVolumeOverride: {fileID: 0}
  m_ScaleInLightmap: 1
  m_ReceiveGI: 1
  m_PreserveUVs: 0
  m_IgnoreNormalsForChartDetection: 0
  m_ImportantGI: 0
  m_StitchLightmapSeams: 1
  m_SelectedEditorRenderState: 3
  m_MinimumChartSize: 4
  m_AutoUVMaxDistance: 0.5
  m_AutoUVMaxAngle: 89
  m_LightmapParameters: {fileID: 0}
  m_SortingLayerID: 0
  m_SortingLayer: 0
  m_SortingOrder: 0
  serializedVersion: 2
  m_Quality: 0
  m_UpdateWhenOffscreen: 0
  m_SkinnedMotionVectors: 1
  m_Mesh: {fileID: 4300000, guid: 2cded674c8370b04cb52b6e47e8d32df, type: 3}
  m_Bones:
  - {fileID: 1154224667238505571}
  - {fileID: 1154521271082440617}
  - {fileID: 1160241686151542075}
  - {fileID: 1160391881745335303}
  - {fileID: 1154338948875715097}
  - {fileID: 1160786878717859357}
  - {fileID: 1160265554290123513}
  - {fileID: 1160349344078908583}
  - {fileID: 1160619825743899575}
  - {fileID: 1160336431008191993}
  - {fileID: 1154457595124908319}
  - {fileID: 1160802342780717033}
  - {fileID: 1154367034965363655}
  - {fileID: 1160722141797693517}
  - {fileID: 1154536202115898587}
  - {fileID: 1160723328420786307}
  - {fileID: 1154198025586890223}
  - {fileID: 1154254352758562471}
  - {fileID: 1154132023536542849}
  - {fileID: 1160474918471482583}
  - {fileID: 1154243572036531081}
  - {fileID: 1160299984799171699}
  - {fileID: 1160642161906961769}
  - {fileID: 1160683787334122981}
  - {fileID: 1154501834642622295}
  - {fileID: 1154135587017309639}
  - {fileID: 1154190517100106091}
  - {fileID: 1154443448321212247}
  - {fileID: 1154117887174260993}
  - {fileID: 1154396497055185791}
  - {fileID: 1160380604585630957}
  - {fileID: 1154140775855408471}
  - {fileID: 1154571686730008361}
  - {fileID: 1160601376057997083}
  - {fileID: 1154457447327824163}
  - {fileID: 1160275794265928091}
  - {fileID: 1154101183973548071}
  - {fileID: 1160774124727682309}
  - {fileID: 1154529945797977739}
  - {fileID: 1154094844090595533}
  - {fileID: 1154434282902643531}
  - {fileID: 1154419143104569777}
  - {fileID: 1160444854436290325}
  - {fileID: 1160737507858965121}
  - {fileID: 1154329247376886185}
  - {fileID: 1160538882786056929}
  - {fileID: 1154509746137011049}
  - {fileID: 1154214250972092659}
  - {fileID: 1154506563876649913}
  - {fileID: 1160798260850999751}
  - {fileID: 1154464931869829433}
  m_BlendShapeWeights: []
  m_RootBone: {fileID: 1154521271082440617}
  m_AABB:
    m_Center: {x: -0.014413029, y: 0.011801466, z: 0.004167378}
    m_Extent: {x: 0.8816122, y: 0.2517196, z: 0.6996289}
  m_DirtyAABB: 0
--- !u!1 &1157925590311294701
GameObject:
  m_ObjectHideFlags: 0
  m_CorrespondingSourceObject: {fileID: 0}
  m_PrefabInstance: {fileID: 0}
  m_PrefabAsset: {fileID: 0}
  serializedVersion: 6
  m_Component:
  - component: {fileID: 1154338982897970541}
  m_Layer: 0
  m_Name: Point010
  m_TagString: Untagged
  m_Icon: {fileID: 0}
  m_NavMeshLayer: 0
  m_StaticEditorFlags: 0
  m_IsActive: 1
--- !u!4 &1154338982897970541
Transform:
  m_ObjectHideFlags: 0
  m_CorrespondingSourceObject: {fileID: 0}
  m_PrefabInstance: {fileID: 0}
  m_PrefabAsset: {fileID: 0}
  m_GameObject: {fileID: 1157925590311294701}
  m_LocalRotation: {x: 0.8468136, y: -0.025204394, z: -0.037943296, w: 0.52993566}
  m_LocalPosition: {x: 0.000004457092, y: -0.0000006298065, z: 0.000001259613}
  m_LocalScale: {x: 1.0000018, y: 0.9999982, z: 1.0000001}
  m_Children: []
  m_Father: {fileID: 1160299984799171699}
  m_RootOrder: 3
  m_LocalEulerAnglesHint: {x: 0, y: 0, z: 0}
--- !u!1 &1157938718151128723
GameObject:
  m_ObjectHideFlags: 0
  m_CorrespondingSourceObject: {fileID: 0}
  m_PrefabInstance: {fileID: 0}
  m_PrefabAsset: {fileID: 0}
  serializedVersion: 6
  m_Component:
  - component: {fileID: 1154367034965363655}
  m_Layer: 0
  m_Name: LeftForeArmTwist
  m_TagString: Untagged
  m_Icon: {fileID: 0}
  m_NavMeshLayer: 0
  m_StaticEditorFlags: 0
  m_IsActive: 1
--- !u!4 &1154367034965363655
Transform:
  m_ObjectHideFlags: 0
  m_CorrespondingSourceObject: {fileID: 0}
  m_PrefabInstance: {fileID: 0}
  m_PrefabAsset: {fileID: 0}
  m_GameObject: {fileID: 1157938718151128723}
  m_LocalRotation: {x: 0.00000049173786, y: -0.0000009387737, z: -0.00000063329907,
    w: 1}
  m_LocalPosition: {x: -0.14325559, y: -0.000000024223327, z: 0.00000009689331}
  m_LocalScale: {x: 0.99999976, y: 0.9999997, z: 1.0000004}
  m_Children: []
  m_Father: {fileID: 1160349344078908583}
  m_RootOrder: 1
  m_LocalEulerAnglesHint: {x: 0, y: 0, z: 0}
--- !u!1 &1157943269009435211
GameObject:
  m_ObjectHideFlags: 0
  m_CorrespondingSourceObject: {fileID: 0}
  m_PrefabInstance: {fileID: 0}
  m_PrefabAsset: {fileID: 0}
  serializedVersion: 6
  m_Component:
  - component: {fileID: 1154571686730008361}
  m_Layer: 0
  m_Name: LeftHandIndex2
  m_TagString: Untagged
  m_Icon: {fileID: 0}
  m_NavMeshLayer: 0
  m_StaticEditorFlags: 0
  m_IsActive: 1
--- !u!4 &1154571686730008361
Transform:
  m_ObjectHideFlags: 0
  m_CorrespondingSourceObject: {fileID: 0}
  m_PrefabInstance: {fileID: 0}
  m_PrefabAsset: {fileID: 0}
  m_GameObject: {fileID: 1157943269009435211}
  m_LocalRotation: {x: -0.011775901, y: 0.023552299, z: 0.013986116, w: 0.9995554}
  m_LocalPosition: {x: -0.032915916, y: 0, z: 0.000000024223327}
  m_LocalScale: {x: 0.9999995, y: 1.0000006, z: 0.9999998}
  m_Children:
  - {fileID: 1154457447327824163}
  m_Father: {fileID: 1154135587017309639}
  m_RootOrder: 0
  m_LocalEulerAnglesHint: {x: 0, y: 0, z: 0}
--- !u!1 &1157949039841808293
GameObject:
  m_ObjectHideFlags: 0
  m_CorrespondingSourceObject: {fileID: 0}
  m_PrefabInstance: {fileID: 0}
  m_PrefabAsset: {fileID: 0}
  serializedVersion: 6
  m_Component:
  - component: {fileID: 1154198025586890223}
  m_Layer: 0
  m_Name: LeftLeg
  m_TagString: Untagged
  m_Icon: {fileID: 0}
  m_NavMeshLayer: 0
  m_StaticEditorFlags: 0
  m_IsActive: 1
--- !u!4 &1154198025586890223
Transform:
  m_ObjectHideFlags: 0
  m_CorrespondingSourceObject: {fileID: 0}
  m_PrefabInstance: {fileID: 0}
  m_PrefabAsset: {fileID: 0}
  m_GameObject: {fileID: 1157949039841808293}
  m_LocalRotation: {x: -0.0007027353, y: -0.0010249448, z: 0.17301404, w: 0.9849186}
  m_LocalPosition: {x: -0.455026, y: 0.0000023072719, z: 0.0000006298065}
  m_LocalScale: {x: 1.0000002, y: 1, z: 1}
  m_Children:
  - {fileID: 1154254352758562471}
  m_Father: {fileID: 1160336431008191993}
  m_RootOrder: 0
  m_LocalEulerAnglesHint: {x: 0, y: 0, z: 0}
--- !u!1 &1158052301960527949
GameObject:
  m_ObjectHideFlags: 0
  m_CorrespondingSourceObject: {fileID: 0}
  m_PrefabInstance: {fileID: 0}
  m_PrefabAsset: {fileID: 0}
  serializedVersion: 6
  m_Component:
  - component: {fileID: 1160444854436290325}
  m_Layer: 0
  m_Name: RightHandThumb3
  m_TagString: Untagged
  m_Icon: {fileID: 0}
  m_NavMeshLayer: 0
  m_StaticEditorFlags: 0
  m_IsActive: 1
--- !u!4 &1160444854436290325
Transform:
  m_ObjectHideFlags: 0
  m_CorrespondingSourceObject: {fileID: 0}
  m_PrefabInstance: {fileID: 0}
  m_PrefabAsset: {fileID: 0}
  m_GameObject: {fileID: 1158052301960527949}
  m_LocalRotation: {x: 0.0017723463, y: 0.036698356, z: 0.09407221, w: 0.9948872}
  m_LocalPosition: {x: -0.035799753, y: 0.000000072669984, z: 0.00000009689331}
  m_LocalScale: {x: 0.99999624, y: 1, z: 1.0000035}
  m_Children: []
  m_Father: {fileID: 1154501834642622295}
  m_RootOrder: 0
  m_LocalEulerAnglesHint: {x: 0, y: 0, z: 0}
--- !u!1 &1158272583512366345
GameObject:
  m_ObjectHideFlags: 0
  m_CorrespondingSourceObject: {fileID: 0}
  m_PrefabInstance: {fileID: 0}
  m_PrefabAsset: {fileID: 0}
  serializedVersion: 6
  m_Component:
  - component: {fileID: 1154214250972092659}
  m_Layer: 0
  m_Name: RightHandIndex3
  m_TagString: Untagged
  m_Icon: {fileID: 0}
  m_NavMeshLayer: 0
  m_StaticEditorFlags: 0
  m_IsActive: 1
--- !u!4 &1154214250972092659
Transform:
  m_ObjectHideFlags: 0
  m_CorrespondingSourceObject: {fileID: 0}
  m_PrefabInstance: {fileID: 0}
  m_PrefabAsset: {fileID: 0}
  m_GameObject: {fileID: 1158272583512366345}
  m_LocalRotation: {x: -0.034441896, y: 0.031882085, z: 0.09431605, w: 0.9944354}
  m_LocalPosition: {x: -0.03469536, y: 0.00000009689331, z: -0.000000024223327}
  m_LocalScale: {x: 0.9999948, y: 1.0000039, z: 1.0000011}
  m_Children: []
  m_Father: {fileID: 1160538882786056929}
  m_RootOrder: 0
  m_LocalEulerAnglesHint: {x: 0, y: 0, z: 0}
--- !u!1 &1158276561797050117
GameObject:
  m_ObjectHideFlags: 0
  m_CorrespondingSourceObject: {fileID: 0}
  m_PrefabInstance: {fileID: 0}
  m_PrefabAsset: {fileID: 0}
  serializedVersion: 6
  m_Component:
  - component: {fileID: 1160299984799171699}
  m_Layer: 0
  m_Name: RightForeArm
  m_TagString: Untagged
  m_Icon: {fileID: 0}
  m_NavMeshLayer: 0
  m_StaticEditorFlags: 0
  m_IsActive: 1
--- !u!4 &1160299984799171699
Transform:
  m_ObjectHideFlags: 0
  m_CorrespondingSourceObject: {fileID: 0}
  m_PrefabInstance: {fileID: 0}
  m_PrefabAsset: {fileID: 0}
  m_GameObject: {fileID: 1158276561797050117}
  m_LocalRotation: {x: 0.026206847, y: 0.11192808, z: -0.37655762, w: 0.9192332}
  m_LocalPosition: {x: -0.30852205, y: 0, z: 0}
  m_LocalScale: {x: 0.99999994, y: 1, z: 1.0000001}
  m_Children:
  - {fileID: 1154071803090350037}
  - {fileID: 1154243572036531081}
  - {fileID: 1160397986260485033}
  - {fileID: 1154338982897970541}
  - {fileID: 1160642161906961769}
  m_Father: {fileID: 1160802342780717033}
  m_RootOrder: 0
  m_LocalEulerAnglesHint: {x: 0, y: 0, z: 0}
--- !u!1 &1158284396291532879
GameObject:
  m_ObjectHideFlags: 0
  m_CorrespondingSourceObject: {fileID: 0}
  m_PrefabInstance: {fileID: 0}
  m_PrefabAsset: {fileID: 0}
  serializedVersion: 6
  m_Component:
  - component: {fileID: 1154506563876649913}
  m_Layer: 0
  m_Name: RightHandMiddle3
  m_TagString: Untagged
  m_Icon: {fileID: 0}
  m_NavMeshLayer: 0
  m_StaticEditorFlags: 0
  m_IsActive: 1
--- !u!4 &1154506563876649913
Transform:
  m_ObjectHideFlags: 0
  m_CorrespondingSourceObject: {fileID: 0}
  m_PrefabInstance: {fileID: 0}
  m_PrefabAsset: {fileID: 0}
  m_GameObject: {fileID: 1158284396291532879}
  m_LocalRotation: {x: 0.005011141, y: -0.015155597, z: 0.040909357, w: 0.99903536}
  m_LocalPosition: {x: -0.036752068, y: 0.00000019378662, z: -0.000000024223327}
  m_LocalScale: {x: 0.99999493, y: 1.0000039, z: 1.000001}
  m_Children: []
  m_Father: {fileID: 1154509746137011049}
  m_RootOrder: 0
  m_LocalEulerAnglesHint: {x: 0, y: 0, z: 0}
--- !u!1 &1158289433127461617
GameObject:
  m_ObjectHideFlags: 0
  m_CorrespondingSourceObject: {fileID: 0}
  m_PrefabInstance: {fileID: 0}
  m_PrefabAsset: {fileID: 0}
  serializedVersion: 6
  m_Component:
  - component: {fileID: 1154582843979745393}
  m_Layer: 0
  m_Name: ExposeTransform002
  m_TagString: Untagged
  m_Icon: {fileID: 0}
  m_NavMeshLayer: 0
  m_StaticEditorFlags: 0
  m_IsActive: 1
--- !u!4 &1154582843979745393
Transform:
  m_ObjectHideFlags: 0
  m_CorrespondingSourceObject: {fileID: 0}
  m_PrefabInstance: {fileID: 0}
  m_PrefabAsset: {fileID: 0}
  m_GameObject: {fileID: 1158289433127461617}
  m_LocalRotation: {x: 0.00000013411051, y: 0.00000019371514, z: 0.000000007450556,
    w: 1}
  m_LocalPosition: {x: -0, y: 0.000000024223327, z: -0.00000019378662}
  m_LocalScale: {x: 1.0000004, y: 1, z: 0.99999934}
  m_Children: []
  m_Father: {fileID: 1160349344078908583}
  m_RootOrder: 0
  m_LocalEulerAnglesHint: {x: 0, y: 0, z: 0}
--- !u!1 &1158290988235944179
GameObject:
  m_ObjectHideFlags: 0
  m_CorrespondingSourceObject: {fileID: 0}
  m_PrefabInstance: {fileID: 0}
  m_PrefabAsset: {fileID: 0}
  serializedVersion: 6
  m_Component:
  - component: {fileID: 1160471252501075511}
  - component: {fileID: 1296159840542536577}
  m_Layer: 0
  m_Name: Armor_shoes_01
  m_TagString: Untagged
  m_Icon: {fileID: 0}
  m_NavMeshLayer: 0
  m_StaticEditorFlags: 0
  m_IsActive: 1
--- !u!4 &1160471252501075511
Transform:
  m_ObjectHideFlags: 0
  m_CorrespondingSourceObject: {fileID: 0}
  m_PrefabInstance: {fileID: 0}
  m_PrefabAsset: {fileID: 0}
  m_GameObject: {fileID: 1158290988235944179}
  m_LocalRotation: {x: 0.000000021855694, y: -0, z: -0, w: 1}
  m_LocalPosition: {x: -0, y: 0, z: 0}
  m_LocalScale: {x: 0.9721373, y: 0.9721373, z: 0.9721373}
  m_Children: []
  m_Father: {fileID: 1154365195690286869}
  m_RootOrder: 1
  m_LocalEulerAnglesHint: {x: 0, y: 0, z: 0}
--- !u!137 &1296159840542536577
SkinnedMeshRenderer:
  m_ObjectHideFlags: 0
  m_CorrespondingSourceObject: {fileID: 0}
  m_PrefabInstance: {fileID: 0}
  m_PrefabAsset: {fileID: 0}
  m_GameObject: {fileID: 1158290988235944179}
  m_Enabled: 1
  m_CastShadows: 1
  m_ReceiveShadows: 1
  m_DynamicOccludee: 1
  m_MotionVectors: 1
  m_LightProbeUsage: 1
  m_ReflectionProbeUsage: 1
  m_RayTracingMode: 0
  m_RenderingLayerMask: 1
  m_RendererPriority: 0
  m_Materials:
  - {fileID: 2100000, guid: 815c97698716d2d4abecd98dc4b9b845, type: 2}
  m_StaticBatchInfo:
    firstSubMesh: 0
    subMeshCount: 0
  m_StaticBatchRoot: {fileID: 0}
  m_ProbeAnchor: {fileID: 0}
  m_LightProbeVolumeOverride: {fileID: 0}
  m_ScaleInLightmap: 1
  m_ReceiveGI: 1
  m_PreserveUVs: 0
  m_IgnoreNormalsForChartDetection: 0
  m_ImportantGI: 0
  m_StitchLightmapSeams: 1
  m_SelectedEditorRenderState: 3
  m_MinimumChartSize: 4
  m_AutoUVMaxDistance: 0.5
  m_AutoUVMaxAngle: 89
  m_LightmapParameters: {fileID: 0}
  m_SortingLayerID: 0
  m_SortingLayer: 0
  m_SortingOrder: 0
  serializedVersion: 2
  m_Quality: 0
  m_UpdateWhenOffscreen: 0
  m_SkinnedMotionVectors: 1
  m_Mesh: {fileID: 4300008, guid: 2cded674c8370b04cb52b6e47e8d32df, type: 3}
  m_Bones:
  - {fileID: 1154254352758562471}
  - {fileID: 1160757392592383685}
  - {fileID: 1154198025586890223}
  - {fileID: 1160474918471482583}
  - {fileID: 1154132023536542849}
  - {fileID: 1160752355979817255}
  m_BlendShapeWeights: []
  m_RootBone: {fileID: 1154132023536542849}
  m_AABB:
    m_Center: {x: -0.45581454, y: 0.0681315, z: -0.17616573}
    m_Extent: {x: 0.16687207, y: 0.18021852, z: 0.2444947}
  m_DirtyAABB: 0
--- !u!1 &1158320555103949233
GameObject:
  m_ObjectHideFlags: 0
  m_CorrespondingSourceObject: {fileID: 0}
  m_PrefabInstance: {fileID: 0}
  m_PrefabAsset: {fileID: 0}
  serializedVersion: 6
  m_Component:
  - component: {fileID: 1154575537021727219}
  m_Layer: 0
  m_Name: Point005
  m_TagString: Untagged
  m_Icon: {fileID: 0}
  m_NavMeshLayer: 0
  m_StaticEditorFlags: 0
  m_IsActive: 1
--- !u!4 &1154575537021727219
Transform:
  m_ObjectHideFlags: 0
  m_CorrespondingSourceObject: {fileID: 0}
  m_PrefabInstance: {fileID: 0}
  m_PrefabAsset: {fileID: 0}
  m_GameObject: {fileID: 1158320555103949233}
  m_LocalRotation: {x: 0.33332184, y: -0.0000009251804, z: -0.00000047106482, w: 0.9428131}
  m_LocalPosition: {x: -0.1350155, y: -0.000000072669984, z: 0.00000009689331}
  m_LocalScale: {x: 0.99999964, y: 0.99999976, z: 0.99999976}
  m_Children: []
  m_Father: {fileID: 1160349344078908583}
  m_RootOrder: 3
  m_LocalEulerAnglesHint: {x: 0, y: 0, z: 0}
--- !u!1 &1158344032483827947
GameObject:
  m_ObjectHideFlags: 0
  m_CorrespondingSourceObject: {fileID: 0}
  m_PrefabInstance: {fileID: 0}
  m_PrefabAsset: {fileID: 0}
  serializedVersion: 6
  m_Component:
  - component: {fileID: 1154101183973548071}
  m_Layer: 0
  m_Name: LeftHandRing3
  m_TagString: Untagged
  m_Icon: {fileID: 0}
  m_NavMeshLayer: 0
  m_StaticEditorFlags: 0
  m_IsActive: 1
--- !u!4 &1154101183973548071
Transform:
  m_ObjectHideFlags: 0
  m_CorrespondingSourceObject: {fileID: 0}
  m_PrefabInstance: {fileID: 0}
  m_PrefabAsset: {fileID: 0}
  m_GameObject: {fileID: 1158344032483827947}
  m_LocalRotation: {x: -0.013960256, y: 0.00031086293, z: 0.043505266, w: 0.9989556}
  m_LocalPosition: {x: -0.030260459, y: 0.00000009689331, z: -0.000000024223327}
  m_LocalScale: {x: 0.9999988, y: 1.0000015, z: 0.9999996}
  m_Children: []
  m_Father: {fileID: 1154140775855408471}
  m_RootOrder: 0
  m_LocalEulerAnglesHint: {x: 0, y: 0, z: 0}
--- !u!1 &1158350821360568953
GameObject:
  m_ObjectHideFlags: 0
  m_CorrespondingSourceObject: {fileID: 0}
  m_PrefabInstance: {fileID: 0}
  m_PrefabAsset: {fileID: 0}
  serializedVersion: 6
  m_Component:
  - component: {fileID: 1160706250918722367}
  - component: {fileID: 1295922533895839263}
  m_Layer: 0
  m_Name: Mask_01
  m_TagString: Untagged
  m_Icon: {fileID: 0}
  m_NavMeshLayer: 0
  m_StaticEditorFlags: 0
  m_IsActive: 1
--- !u!4 &1160706250918722367
Transform:
  m_ObjectHideFlags: 0
  m_CorrespondingSourceObject: {fileID: 0}
  m_PrefabInstance: {fileID: 0}
  m_PrefabAsset: {fileID: 0}
  m_GameObject: {fileID: 1158350821360568953}
  m_LocalRotation: {x: -0.7071068, y: 0, z: -0, w: 0.7071068}
  m_LocalPosition: {x: -0, y: 0, z: 0}
  m_LocalScale: {x: 0.9721373, y: 0.9721373, z: 0.9721373}
  m_Children: []
  m_Father: {fileID: 1154365195690286869}
  m_RootOrder: 5
  m_LocalEulerAnglesHint: {x: 0, y: 0, z: 0}
--- !u!137 &1295922533895839263
SkinnedMeshRenderer:
  m_ObjectHideFlags: 0
  m_CorrespondingSourceObject: {fileID: 0}
  m_PrefabInstance: {fileID: 0}
  m_PrefabAsset: {fileID: 0}
  m_GameObject: {fileID: 1158350821360568953}
  m_Enabled: 1
  m_CastShadows: 1
  m_ReceiveShadows: 1
  m_DynamicOccludee: 1
  m_MotionVectors: 1
  m_LightProbeUsage: 1
  m_ReflectionProbeUsage: 1
  m_RayTracingMode: 0
  m_RenderingLayerMask: 1
  m_RendererPriority: 0
  m_Materials:
  - {fileID: 2100000, guid: 7f1eb34739a3b3d42939c713eed2a3ad, type: 2}
  m_StaticBatchInfo:
    firstSubMesh: 0
    subMeshCount: 0
  m_StaticBatchRoot: {fileID: 0}
  m_ProbeAnchor: {fileID: 0}
  m_LightProbeVolumeOverride: {fileID: 0}
  m_ScaleInLightmap: 1
  m_ReceiveGI: 1
  m_PreserveUVs: 0
  m_IgnoreNormalsForChartDetection: 0
  m_ImportantGI: 0
  m_StitchLightmapSeams: 1
  m_SelectedEditorRenderState: 3
  m_MinimumChartSize: 4
  m_AutoUVMaxDistance: 0.5
  m_AutoUVMaxAngle: 89
  m_LightmapParameters: {fileID: 0}
  m_SortingLayerID: 0
  m_SortingLayer: 0
  m_SortingOrder: 0
  serializedVersion: 2
  m_Quality: 0
  m_UpdateWhenOffscreen: 0
  m_SkinnedMotionVectors: 1
  m_Mesh: {fileID: 4300004, guid: 2cded674c8370b04cb52b6e47e8d32df, type: 3}
  m_Bones:
  - {fileID: 1160265554290123513}
  - {fileID: 1154338948875715097}
  - {fileID: 1154224667238505571}
  - {fileID: 1160391881745335303}
  - {fileID: 1160786878717859357}
  - {fileID: 1160241686151542075}
  - {fileID: 1160619825743899575}
  - {fileID: 1160802342780717033}
  - {fileID: 1154521271082440617}
  m_BlendShapeWeights: []
  m_RootBone: {fileID: 1154521271082440617}
  m_AABB:
    m_Center: {x: -0.64161897, y: 0.026705686, z: 0.01144854}
    m_Extent: {x: 0.1372757, y: 0.12798956, z: 0.11276884}
  m_DirtyAABB: 0
--- !u!1 &1158351084531736527
GameObject:
  m_ObjectHideFlags: 0
  m_CorrespondingSourceObject: {fileID: 0}
  m_PrefabInstance: {fileID: 0}
  m_PrefabAsset: {fileID: 0}
  serializedVersion: 6
  m_Component:
  - component: {fileID: 1154190517100106091}
  m_Layer: 0
  m_Name: LeftHandMiddle1
  m_TagString: Untagged
  m_Icon: {fileID: 0}
  m_NavMeshLayer: 0
  m_StaticEditorFlags: 0
  m_IsActive: 1
--- !u!4 &1154190517100106091
Transform:
  m_ObjectHideFlags: 0
  m_CorrespondingSourceObject: {fileID: 0}
  m_PrefabInstance: {fileID: 0}
  m_PrefabAsset: {fileID: 0}
  m_GameObject: {fileID: 1158351084531736527}
  m_LocalRotation: {x: 0.023164943, y: -0.012667017, z: 0.07140545, w: 0.9970979}
  m_LocalPosition: {x: -0.101380266, y: 0.007346257, z: 0.003988189}
  m_LocalScale: {x: 0.9999996, y: 1.0000004, z: 0.9999998}
  m_Children:
  - {fileID: 1160601376057997083}
  m_Father: {fileID: 1160722141797693517}
  m_RootOrder: 2
  m_LocalEulerAnglesHint: {x: 0, y: 0, z: 0}
--- !u!1 &1158355800628741671
GameObject:
  m_ObjectHideFlags: 0
  m_CorrespondingSourceObject: {fileID: 0}
  m_PrefabInstance: {fileID: 0}
  m_PrefabAsset: {fileID: 0}
  serializedVersion: 6
  m_Component:
  - component: {fileID: 1154329247376886185}
  m_Layer: 0
  m_Name: RightHandRing2
  m_TagString: Untagged
  m_Icon: {fileID: 0}
  m_NavMeshLayer: 0
  m_StaticEditorFlags: 0
  m_IsActive: 1
--- !u!4 &1154329247376886185
Transform:
  m_ObjectHideFlags: 0
  m_CorrespondingSourceObject: {fileID: 0}
  m_PrefabInstance: {fileID: 0}
  m_PrefabAsset: {fileID: 0}
  m_GameObject: {fileID: 1158355800628741671}
  m_LocalRotation: {x: -0.027427394, y: -0.022872979, z: -0.004858565, w: 0.9993503}
  m_LocalPosition: {x: -0.028143099, y: 0.00000009689331, z: -0.000000024223327}
  m_LocalScale: {x: 0.99999505, y: 1.0000048, z: 1.0000002}
  m_Children:
  - {fileID: 1160798260850999751}
  m_Father: {fileID: 1154434282902643531}
  m_RootOrder: 0
  m_LocalEulerAnglesHint: {x: 0, y: 0, z: 0}
--- !u!1 &1158355994455345461
GameObject:
  m_ObjectHideFlags: 0
  m_CorrespondingSourceObject: {fileID: 0}
  m_PrefabInstance: {fileID: 0}
  m_PrefabAsset: {fileID: 0}
  serializedVersion: 6
  m_Component:
  - component: {fileID: 1160642161906961769}
  m_Layer: 0
  m_Name: RightHand
  m_TagString: Untagged
  m_Icon: {fileID: 0}
  m_NavMeshLayer: 0
  m_StaticEditorFlags: 0
  m_IsActive: 1
--- !u!4 &1160642161906961769
Transform:
  m_ObjectHideFlags: 0
  m_CorrespondingSourceObject: {fileID: 0}
  m_PrefabInstance: {fileID: 0}
  m_PrefabAsset: {fileID: 0}
  m_GameObject: {fileID: 1158355994455345461}
  m_LocalRotation: {x: 0.6752078, y: -0.03260662, z: 0.15921521, w: 0.71950114}
  m_LocalPosition: {x: -0.27173275, y: -0.000000048446655, z: 0.0000011627197}
  m_LocalScale: {x: 0.9999976, y: 1.000002, z: 1.0000004}
  m_Children:
  - {fileID: 1154529945797977739}
  - {fileID: 1154419143104569777}
  - {fileID: 1154094844090595533}
  - {fileID: 1154434282902643531}
  - {fileID: 1160683787334122981}
  - {fileID: 1154403766959607847}
  m_Father: {fileID: 1160299984799171699}
  m_RootOrder: 4
  m_LocalEulerAnglesHint: {x: 0, y: 0, z: 0}
--- !u!1 &1158388396518666631
GameObject:
  m_ObjectHideFlags: 0
  m_CorrespondingSourceObject: {fileID: 0}
  m_PrefabInstance: {fileID: 0}
  m_PrefabAsset: {fileID: 0}
  serializedVersion: 6
  m_Component:
  - component: {fileID: 1154509746137011049}
  m_Layer: 0
  m_Name: RightHandMiddle2
  m_TagString: Untagged
  m_Icon: {fileID: 0}
  m_NavMeshLayer: 0
  m_StaticEditorFlags: 0
  m_IsActive: 1
--- !u!4 &1154509746137011049
Transform:
  m_ObjectHideFlags: 0
  m_CorrespondingSourceObject: {fileID: 0}
  m_PrefabInstance: {fileID: 0}
  m_PrefabAsset: {fileID: 0}
  m_GameObject: {fileID: 1158388396518666631}
  m_LocalRotation: {x: -0.066857696, y: 0.04989855, z: 0.03549589, w: 0.9958816}
  m_LocalPosition: {x: -0.03266598, y: 0.00000009689331, z: -0.000000036334992}
  m_LocalScale: {x: 0.99999523, y: 1.0000035, z: 1.0000011}
  m_Children:
  - {fileID: 1154506563876649913}
  m_Father: {fileID: 1154094844090595533}
  m_RootOrder: 0
  m_LocalEulerAnglesHint: {x: 0, y: 0, z: 0}
--- !u!1 &1158395852561799895
GameObject:
  m_ObjectHideFlags: 0
  m_CorrespondingSourceObject: {fileID: 0}
  m_PrefabInstance: {fileID: 0}
  m_PrefabAsset: {fileID: 0}
  serializedVersion: 6
  m_Component:
  - component: {fileID: 1154117887174260993}
  m_Layer: 0
  m_Name: LeftHandLittle1
  m_TagString: Untagged
  m_Icon: {fileID: 0}
  m_NavMeshLayer: 0
  m_StaticEditorFlags: 0
  m_IsActive: 1
--- !u!4 &1154117887174260993
Transform:
  m_ObjectHideFlags: 0
  m_CorrespondingSourceObject: {fileID: 0}
  m_PrefabInstance: {fileID: 0}
  m_PrefabAsset: {fileID: 0}
  m_GameObject: {fileID: 1158395852561799895}
  m_LocalRotation: {x: -0.03917987, y: -0.053996943, z: 0.098723635, w: 0.9928761}
  m_LocalPosition: {x: -0.08840204, y: -0.0103288265, z: -0.047943402}
  m_LocalScale: {x: 0.99999946, y: 1.000001, z: 0.9999994}
  m_Children:
  - {fileID: 1160380604585630957}
  m_Father: {fileID: 1160722141797693517}
  m_RootOrder: 1
  m_LocalEulerAnglesHint: {x: 0, y: 0, z: 0}
--- !u!1 &1158399598729656405
GameObject:
  m_ObjectHideFlags: 0
  m_CorrespondingSourceObject: {fileID: 0}
  m_PrefabInstance: {fileID: 0}
  m_PrefabAsset: {fileID: 0}
  serializedVersion: 6
  m_Component:
  - component: {fileID: 1154464931869829433}
  m_Layer: 0
  m_Name: RightHandLittle3
  m_TagString: Untagged
  m_Icon: {fileID: 0}
  m_NavMeshLayer: 0
  m_StaticEditorFlags: 0
  m_IsActive: 1
--- !u!4 &1154464931869829433
Transform:
  m_ObjectHideFlags: 0
  m_CorrespondingSourceObject: {fileID: 0}
  m_PrefabInstance: {fileID: 0}
  m_PrefabAsset: {fileID: 0}
  m_GameObject: {fileID: 1158399598729656405}
  m_LocalRotation: {x: 0.009163675, y: 0.048863746, z: 0.00082158437, w: 0.9987631}
  m_LocalPosition: {x: -0.022170061, y: 0, z: 0.000000012111664}
  m_LocalScale: {x: 0.9999961, y: 1.000004, z: 1}
  m_Children: []
  m_Father: {fileID: 1160737507858965121}
  m_RootOrder: 0
  m_LocalEulerAnglesHint: {x: 0, y: 0, z: 0}
--- !u!1 &1158401226551135319
GameObject:
  m_ObjectHideFlags: 0
  m_CorrespondingSourceObject: {fileID: 0}
  m_PrefabInstance: {fileID: 0}
  m_PrefabAsset: {fileID: 0}
  serializedVersion: 6
  m_Component:
  - component: {fileID: 1154538413202717873}
  m_Layer: 0
  m_Name: LeftPlatform
  m_TagString: Untagged
  m_Icon: {fileID: 0}
  m_NavMeshLayer: 0
  m_StaticEditorFlags: 0
  m_IsActive: 1
--- !u!4 &1154538413202717873
Transform:
  m_ObjectHideFlags: 0
  m_CorrespondingSourceObject: {fileID: 0}
  m_PrefabInstance: {fileID: 0}
  m_PrefabAsset: {fileID: 0}
  m_GameObject: {fileID: 1158401226551135319}
  m_LocalRotation: {x: 0.5213339, y: -0.5213339, z: -0.47771436, w: 0.47771436}
  m_LocalPosition: {x: -0.17501634, y: -0.000000013998998, z: 0.013675372}
  m_LocalScale: {x: 1, y: 1, z: 1}
  m_Children: []
  m_Father: {fileID: 1154365195690286869}
  m_RootOrder: 4
  m_LocalEulerAnglesHint: {x: 0, y: 0, z: 0}
--- !u!1 &1158407397064936079
GameObject:
  m_ObjectHideFlags: 0
  m_CorrespondingSourceObject: {fileID: 0}
  m_PrefabInstance: {fileID: 0}
  m_PrefabAsset: {fileID: 0}
  serializedVersion: 6
  m_Component:
  - component: {fileID: 1154140775855408471}
  m_Layer: 0
  m_Name: LeftHandRing2
  m_TagString: Untagged
  m_Icon: {fileID: 0}
  m_NavMeshLayer: 0
  m_StaticEditorFlags: 0
  m_IsActive: 1
--- !u!4 &1154140775855408471
Transform:
  m_ObjectHideFlags: 0
  m_CorrespondingSourceObject: {fileID: 0}
  m_PrefabInstance: {fileID: 0}
  m_PrefabAsset: {fileID: 0}
  m_GameObject: {fileID: 1158407397064936079}
  m_LocalRotation: {x: 0.014326442, y: 0.0123661375, z: 0.13793649, w: 0.99026024}
  m_LocalPosition: {x: -0.040160242, y: 0, z: 0}
  m_LocalScale: {x: 0.99999934, y: 1.000001, z: 0.99999964}
  m_Children:
  - {fileID: 1154101183973548071}
  m_Father: {fileID: 1154443448321212247}
  m_RootOrder: 0
  m_LocalEulerAnglesHint: {x: 0, y: 0, z: 0}
--- !u!1 &1158451507713521373
GameObject:
  m_ObjectHideFlags: 0
  m_CorrespondingSourceObject: {fileID: 0}
  m_PrefabInstance: {fileID: 0}
  m_PrefabAsset: {fileID: 0}
  serializedVersion: 6
  m_Component:
  - component: {fileID: 1160619825743899575}
  m_Layer: 0
  m_Name: RightShoulder
  m_TagString: Untagged
  m_Icon: {fileID: 0}
  m_NavMeshLayer: 0
  m_StaticEditorFlags: 0
  m_IsActive: 1
--- !u!4 &1160619825743899575
Transform:
  m_ObjectHideFlags: 0
  m_CorrespondingSourceObject: {fileID: 0}
  m_PrefabInstance: {fileID: 0}
  m_PrefabAsset: {fileID: 0}
  m_GameObject: {fileID: 1158451507713521373}
  m_LocalRotation: {x: 0.011190185, y: -0.78946584, z: -0.032275878, w: 0.6128433}
  m_LocalPosition: {x: -0.13595681, y: -0.010296488, z: -0.046551626}
  m_LocalScale: {x: 1, y: 0.9999999, z: 0.99999994}
  m_Children:
  - {fileID: 1160802342780717033}
  m_Father: {fileID: 1154224667238505571}
  m_RootOrder: 2
  m_LocalEulerAnglesHint: {x: 0, y: 0, z: 0}
--- !u!1 &1158461358050106131
GameObject:
  m_ObjectHideFlags: 0
  m_CorrespondingSourceObject: {fileID: 0}
  m_PrefabInstance: {fileID: 0}
  m_PrefabAsset: {fileID: 0}
  serializedVersion: 6
  m_Component:
  - component: {fileID: 1154403766959607847}
  m_Layer: 0
  m_Name: WeaponHolder
  m_TagString: Untagged
  m_Icon: {fileID: 0}
  m_NavMeshLayer: 0
  m_StaticEditorFlags: 0
  m_IsActive: 1
--- !u!4 &1154403766959607847
Transform:
  m_ObjectHideFlags: 0
  m_CorrespondingSourceObject: {fileID: 0}
  m_PrefabInstance: {fileID: 0}
  m_PrefabAsset: {fileID: 0}
  m_GameObject: {fileID: 1158461358050106131}
  m_LocalRotation: {x: -0.44383633, y: -0.42367458, z: 0.54277724, w: 0.57349986}
  m_LocalPosition: {x: -0.08752571, y: -0.030075585, z: -0.00021839752}
  m_LocalScale: {x: 0.9999914, y: 1, z: 1.0000083}
  m_Children:
  - {fileID: 1160324037983897374}
  m_Father: {fileID: 1160642161906961769}
  m_RootOrder: 5
  m_LocalEulerAnglesHint: {x: 0, y: 0, z: 0}
--- !u!1 &1158462145467061189
GameObject:
  m_ObjectHideFlags: 0
  m_CorrespondingSourceObject: {fileID: 0}
  m_PrefabInstance: {fileID: 0}
  m_PrefabAsset: {fileID: 0}
  serializedVersion: 6
  m_Component:
  - component: {fileID: 1160301320856004519}
  m_Layer: 0
  m_Name: RightPlatform
  m_TagString: Untagged
  m_Icon: {fileID: 0}
  m_NavMeshLayer: 0
  m_StaticEditorFlags: 0
  m_IsActive: 1
--- !u!4 &1160301320856004519
Transform:
  m_ObjectHideFlags: 0
  m_CorrespondingSourceObject: {fileID: 0}
  m_PrefabInstance: {fileID: 0}
  m_PrefabAsset: {fileID: 0}
  m_GameObject: {fileID: 1158462145467061189}
  m_LocalRotation: {x: 0.47771448, y: -0.47771448, z: -0.52133375, w: 0.52133375}
  m_LocalPosition: {x: 0.17501634, y: -0.000000009824899, z: 0.013675469}
  m_LocalScale: {x: 1, y: 1, z: 1}
  m_Children: []
  m_Father: {fileID: 1154365195690286869}
  m_RootOrder: 6
  m_LocalEulerAnglesHint: {x: 0, y: 0, z: 0}
--- !u!1 &1158463441987751695
GameObject:
  m_ObjectHideFlags: 0
  m_CorrespondingSourceObject: {fileID: 0}
  m_PrefabInstance: {fileID: 0}
  m_PrefabAsset: {fileID: 0}
  serializedVersion: 6
  m_Component:
  - component: {fileID: 1154224667238505571}
  m_Layer: 0
  m_Name: Chest
  m_TagString: Untagged
  m_Icon: {fileID: 0}
  m_NavMeshLayer: 0
  m_StaticEditorFlags: 0
  m_IsActive: 1
--- !u!4 &1154224667238505571
Transform:
  m_ObjectHideFlags: 0
  m_CorrespondingSourceObject: {fileID: 0}
  m_PrefabInstance: {fileID: 0}
  m_PrefabAsset: {fileID: 0}
  m_GameObject: {fileID: 1158463441987751695}
  m_LocalRotation: {x: -2.1465137e-10, y: 0.000000021725587, z: -0.030538516, w: 0.9995336}
  m_LocalPosition: {x: -0.2180803, y: 0, z: -7.8543964e-13}
  m_LocalScale: {x: 0.99999994, y: 0.99999994, z: 1}
  m_Children:
  - {fileID: 1160786878717859357}
  - {fileID: 1154338948875715097}
  - {fileID: 1160619825743899575}
  m_Father: {fileID: 1160241686151542075}
  m_RootOrder: 0
  m_LocalEulerAnglesHint: {x: 0, y: 0, z: 0}
--- !u!1 &1158470793869969517
GameObject:
  m_ObjectHideFlags: 0
  m_CorrespondingSourceObject: {fileID: 0}
  m_PrefabInstance: {fileID: 0}
  m_PrefabAsset: {fileID: 0}
  serializedVersion: 6
  m_Component:
  - component: {fileID: 1160737507858965121}
  m_Layer: 0
  m_Name: RightHandLittle2
  m_TagString: Untagged
  m_Icon: {fileID: 0}
  m_NavMeshLayer: 0
  m_StaticEditorFlags: 0
  m_IsActive: 1
--- !u!4 &1160737507858965121
Transform:
  m_ObjectHideFlags: 0
  m_CorrespondingSourceObject: {fileID: 0}
  m_PrefabInstance: {fileID: 0}
  m_PrefabAsset: {fileID: 0}
  m_GameObject: {fileID: 1158470793869969517}
  m_LocalRotation: {x: 0.00080034556, y: -0.019226119, z: 0.06715567, w: 0.9975569}
  m_LocalPosition: {x: -0.027563822, y: -0.00000009689331, z: 0.000000024223327}
  m_LocalScale: {x: 0.99999577, y: 1.000004, z: 1.0000002}
  m_Children:
  - {fileID: 1154464931869829433}
  m_Father: {fileID: 1154419143104569777}
  m_RootOrder: 0
  m_LocalEulerAnglesHint: {x: 0, y: 0, z: 0}
--- !u!1 &1158489874399745697
GameObject:
  m_ObjectHideFlags: 0
  m_CorrespondingSourceObject: {fileID: 0}
  m_PrefabInstance: {fileID: 0}
  m_PrefabAsset: {fileID: 0}
  serializedVersion: 6
  m_Component:
  - component: {fileID: 1160798260850999751}
  m_Layer: 0
  m_Name: RightHandRing3
  m_TagString: Untagged
  m_Icon: {fileID: 0}
  m_NavMeshLayer: 0
  m_StaticEditorFlags: 0
  m_IsActive: 1
--- !u!4 &1160798260850999751
Transform:
  m_ObjectHideFlags: 0
  m_CorrespondingSourceObject: {fileID: 0}
  m_PrefabInstance: {fileID: 0}
  m_PrefabAsset: {fileID: 0}
  m_GameObject: {fileID: 1158489874399745697}
  m_LocalRotation: {x: 0.009264945, y: 0.0020661585, z: 0.080027804, w: 0.9967475}
  m_LocalPosition: {x: -0.03584733, y: 0, z: -0.000000024223327}
  m_LocalScale: {x: 0.9999948, y: 1.0000051, z: 1.0000001}
  m_Children: []
  m_Father: {fileID: 1154329247376886185}
  m_RootOrder: 0
  m_LocalEulerAnglesHint: {x: 0, y: 0, z: 0}
--- !u!1 &1158497933463237623
GameObject:
  m_ObjectHideFlags: 0
  m_CorrespondingSourceObject: {fileID: 0}
  m_PrefabInstance: {fileID: 0}
  m_PrefabAsset: {fileID: 0}
  serializedVersion: 6
  m_Component:
  - component: {fileID: 1154521271082440617}
  m_Layer: 0
  m_Name: Hips
  m_TagString: Untagged
  m_Icon: {fileID: 0}
  m_NavMeshLayer: 0
  m_StaticEditorFlags: 0
  m_IsActive: 1
--- !u!4 &1154521271082440617
Transform:
  m_ObjectHideFlags: 0
  m_CorrespondingSourceObject: {fileID: 0}
  m_PrefabInstance: {fileID: 0}
  m_PrefabAsset: {fileID: 0}
  m_GameObject: {fileID: 1158497933463237623}
  m_LocalRotation: {x: 1.1537296e-13, y: 2.8421712e-13, z: 2.2026825e-13, w: 1}
  m_LocalPosition: {x: -0.96896243, y: -0.038454667, z: 0.0000015200346}
  m_LocalScale: {x: 1, y: 1, z: 1}
  m_Children:
  - {fileID: 1160336431008191993}
  - {fileID: 1154457595124908319}
  - {fileID: 1160241686151542075}
  m_Father: {fileID: 1154191980785242181}
  m_RootOrder: 0
  m_LocalEulerAnglesHint: {x: 0, y: 0, z: 0}
--- !u!1 &1158500828970215129
GameObject:
  m_ObjectHideFlags: 0
  m_CorrespondingSourceObject: {fileID: 0}
  m_PrefabInstance: {fileID: 0}
  m_PrefabAsset: {fileID: 0}
  serializedVersion: 6
  m_Component:
  - component: {fileID: 1160241686151542075}
  m_Layer: 0
  m_Name: Spine
  m_TagString: Untagged
  m_Icon: {fileID: 0}
  m_NavMeshLayer: 0
  m_StaticEditorFlags: 0
  m_IsActive: 1
--- !u!4 &1160241686151542075
Transform:
  m_ObjectHideFlags: 0
  m_CorrespondingSourceObject: {fileID: 0}
  m_PrefabInstance: {fileID: 0}
  m_PrefabAsset: {fileID: 0}
  m_GameObject: {fileID: 1158500828970215129}
  m_LocalRotation: {x: -0.0000020584173, y: 0.000000715824, z: 0.03055713, w: 0.999533}
  m_LocalPosition: {x: -0.19864476, y: -0.00010238898, z: 0.00000040836613}
  m_LocalScale: {x: 1, y: 1, z: 1}
  m_Children:
  - {fileID: 1154224667238505571}
  m_Father: {fileID: 1154521271082440617}
  m_RootOrder: 2
  m_LocalEulerAnglesHint: {x: 0, y: 0, z: 0}
--- !u!1 &1158501898126262037
GameObject:
  m_ObjectHideFlags: 0
  m_CorrespondingSourceObject: {fileID: 0}
  m_PrefabInstance: {fileID: 0}
  m_PrefabAsset: {fileID: 0}
  serializedVersion: 6
  m_Component:
  - component: {fileID: 1154434282902643531}
  m_Layer: 0
  m_Name: RightHandRing1
  m_TagString: Untagged
  m_Icon: {fileID: 0}
  m_NavMeshLayer: 0
  m_StaticEditorFlags: 0
  m_IsActive: 1
--- !u!4 &1154434282902643531
Transform:
  m_ObjectHideFlags: 0
  m_CorrespondingSourceObject: {fileID: 0}
  m_PrefabInstance: {fileID: 0}
  m_PrefabAsset: {fileID: 0}
  m_GameObject: {fileID: 1158501898126262037}
  m_LocalRotation: {x: 0.03471291, y: 0.078801975, z: 0.20320424, w: 0.9753427}
  m_LocalPosition: {x: -0.11533094, y: 0.011017641, z: 0.023807751}
  m_LocalScale: {x: 0.99999493, y: 1.0000051, z: 1}
  m_Children:
  - {fileID: 1154329247376886185}
  m_Father: {fileID: 1160642161906961769}
  m_RootOrder: 3
  m_LocalEulerAnglesHint: {x: 0, y: 0, z: 0}
--- !u!1 &1158535682137733643
GameObject:
  m_ObjectHideFlags: 0
  m_CorrespondingSourceObject: {fileID: 0}
  m_PrefabInstance: {fileID: 0}
  m_PrefabAsset: {fileID: 0}
  serializedVersion: 6
  m_Component:
  - component: {fileID: 1154254352758562471}
  m_Layer: 0
  m_Name: LeftFoot
  m_TagString: Untagged
  m_Icon: {fileID: 0}
  m_NavMeshLayer: 0
  m_StaticEditorFlags: 0
  m_IsActive: 1
--- !u!4 &1154254352758562471
Transform:
  m_ObjectHideFlags: 0
  m_CorrespondingSourceObject: {fileID: 0}
  m_PrefabInstance: {fileID: 0}
  m_PrefabAsset: {fileID: 0}
  m_GameObject: {fileID: 1158535682137733643}
  m_LocalRotation: {x: -0.038718704, y: 0.037724275, z: -0.54151547, w: 0.83895105}
  m_LocalPosition: {x: -0.42335415, y: 0, z: 0}
  m_LocalScale: {x: 0.9999995, y: 1.0000007, z: 0.99999946}
  m_Children:
  - {fileID: 1160757392592383685}
  m_Father: {fileID: 1154198025586890223}
  m_RootOrder: 0
  m_LocalEulerAnglesHint: {x: 0, y: 0, z: 0}
--- !u!1 &1158549616261600597
GameObject:
  m_ObjectHideFlags: 0
  m_CorrespondingSourceObject: {fileID: 0}
  m_PrefabInstance: {fileID: 0}
  m_PrefabAsset: {fileID: 0}
  serializedVersion: 6
  m_Component:
  - component: {fileID: 1154396497055185791}
  m_Layer: 0
  m_Name: LeftHandThumb3
  m_TagString: Untagged
  m_Icon: {fileID: 0}
  m_NavMeshLayer: 0
  m_StaticEditorFlags: 0
  m_IsActive: 1
--- !u!4 &1154396497055185791
Transform:
  m_ObjectHideFlags: 0
  m_CorrespondingSourceObject: {fileID: 0}
  m_PrefabInstance: {fileID: 0}
  m_PrefabAsset: {fileID: 0}
  m_GameObject: {fileID: 1158549616261600597}
  m_LocalRotation: {x: 0.018283645, y: 0.03128157, z: -0.0104242, w: 0.99928904}
  m_LocalPosition: {x: -0.037063774, y: -0.000000024223327, z: -0.00000019378662}
  m_LocalScale: {x: 0.9999993, y: 0.9999997, z: 1.000001}
  m_Children: []
  m_Father: {fileID: 1160723328420786307}
  m_RootOrder: 0
  m_LocalEulerAnglesHint: {x: 0, y: 0, z: 0}
--- !u!1 &1159261780459594113
GameObject:
  m_ObjectHideFlags: 0
  m_CorrespondingSourceObject: {fileID: 0}
  m_PrefabInstance: {fileID: 0}
  m_PrefabAsset: {fileID: 0}
  serializedVersion: 6
  m_Component:
  - component: {fileID: 1154132023536542849}
  m_Layer: 0
  m_Name: RightLeg
  m_TagString: Untagged
  m_Icon: {fileID: 0}
  m_NavMeshLayer: 0
  m_StaticEditorFlags: 0
  m_IsActive: 1
--- !u!4 &1154132023536542849
Transform:
  m_ObjectHideFlags: 0
  m_CorrespondingSourceObject: {fileID: 0}
  m_PrefabInstance: {fileID: 0}
  m_PrefabAsset: {fileID: 0}
  m_GameObject: {fileID: 1159261780459594113}
  m_LocalRotation: {x: -0.0009311703, y: -0.010566674, z: 0.16758287, w: 0.9858009}
  m_LocalPosition: {x: -0.4550686, y: 0.0000024223327, z: -0.000000048446655}
  m_LocalScale: {x: 1, y: 1.0000001, z: 1.0000001}
  m_Children:
  - {fileID: 1160474918471482583}
  m_Father: {fileID: 1154457595124908319}
  m_RootOrder: 0
  m_LocalEulerAnglesHint: {x: 0, y: 0, z: 0}
--- !u!1 &1159279591352381261
GameObject:
  m_ObjectHideFlags: 0
  m_CorrespondingSourceObject: {fileID: 0}
  m_PrefabInstance: {fileID: 0}
  m_PrefabAsset: {fileID: 0}
  serializedVersion: 6
  m_Component:
  - component: {fileID: 1154536202115898587}
  m_Layer: 0
  m_Name: LeftHandThumb1
  m_TagString: Untagged
  m_Icon: {fileID: 0}
  m_NavMeshLayer: 0
  m_StaticEditorFlags: 0
  m_IsActive: 1
--- !u!4 &1154536202115898587
Transform:
  m_ObjectHideFlags: 0
  m_CorrespondingSourceObject: {fileID: 0}
  m_PrefabInstance: {fileID: 0}
  m_PrefabAsset: {fileID: 0}
  m_GameObject: {fileID: 1159279591352381261}
  m_LocalRotation: {x: 0.68441886, y: 0.24756917, z: -0.15230045, w: 0.6686441}
  m_LocalPosition: {x: -0.008945578, y: -0.024356943, z: 0.029056633}
  m_LocalScale: {x: 0.9999998, y: 0.99999976, z: 1.0000004}
  m_Children:
  - {fileID: 1160723328420786307}
  m_Father: {fileID: 1160722141797693517}
  m_RootOrder: 4
  m_LocalEulerAnglesHint: {x: 0, y: 0, z: 0}
--- !u!1 &1159280638544711393
GameObject:
  m_ObjectHideFlags: 0
  m_CorrespondingSourceObject: {fileID: 0}
  m_PrefabInstance: {fileID: 0}
  m_PrefabAsset: {fileID: 0}
  serializedVersion: 6
  m_Component:
  - component: {fileID: 1160275794265928091}
  m_Layer: 0
  m_Name: LeftHandMiddle3
  m_TagString: Untagged
  m_Icon: {fileID: 0}
  m_NavMeshLayer: 0
  m_StaticEditorFlags: 0
  m_IsActive: 1
--- !u!4 &1160275794265928091
Transform:
  m_ObjectHideFlags: 0
  m_CorrespondingSourceObject: {fileID: 0}
  m_PrefabInstance: {fileID: 0}
  m_PrefabAsset: {fileID: 0}
  m_GameObject: {fileID: 1159280638544711393}
  m_LocalRotation: {x: -0.0104851825, y: 0.015341389, z: -0.0009561085, w: 0.9998269}
  m_LocalPosition: {x: -0.04242968, y: 0.00000019378662, z: -0.000000072669984}
  m_LocalScale: {x: 0.99999744, y: 1.0000024, z: 1}
  m_Children: []
  m_Father: {fileID: 1160601376057997083}
  m_RootOrder: 0
  m_LocalEulerAnglesHint: {x: 0, y: 0, z: 0}
--- !u!1 &1159317464966316885
GameObject:
  m_ObjectHideFlags: 0
  m_CorrespondingSourceObject: {fileID: 0}
  m_PrefabInstance: {fileID: 0}
  m_PrefabAsset: {fileID: 0}
  serializedVersion: 6
  m_Component:
  - component: {fileID: 1160349344078908583}
  m_Layer: 0
  m_Name: LeftForeArm
  m_TagString: Untagged
  m_Icon: {fileID: 0}
  m_NavMeshLayer: 0
  m_StaticEditorFlags: 0
  m_IsActive: 1
--- !u!4 &1160349344078908583
Transform:
  m_ObjectHideFlags: 0
  m_CorrespondingSourceObject: {fileID: 0}
  m_PrefabInstance: {fileID: 0}
  m_PrefabAsset: {fileID: 0}
  m_GameObject: {fileID: 1159317464966316885}
  m_LocalRotation: {x: -0.023190126, y: -0.10659664, z: -0.33373797, w: 0.9363324}
  m_LocalPosition: {x: -0.3068854, y: 0.00000009689331, z: 0.00000019378662}
  m_LocalScale: {x: 0.9999998, y: 0.9999997, z: 1.0000004}
  m_Children:
  - {fileID: 1154582843979745393}
  - {fileID: 1154367034965363655}
  - {fileID: 1160722141797693517}
  - {fileID: 1154575537021727219}
  - {fileID: 1160419140928310287}
  m_Father: {fileID: 1160391881745335303}
  m_RootOrder: 0
  m_LocalEulerAnglesHint: {x: 0, y: 0, z: 0}
--- !u!1 &1159355258699704115
GameObject:
  m_ObjectHideFlags: 0
  m_CorrespondingSourceObject: {fileID: 0}
  m_PrefabInstance: {fileID: 0}
  m_PrefabAsset: {fileID: 0}
  serializedVersion: 6
  m_Component:
  - component: {fileID: 1160391881745335303}
  m_Layer: 0
  m_Name: LeftArm
  m_TagString: Untagged
  m_Icon: {fileID: 0}
  m_NavMeshLayer: 0
  m_StaticEditorFlags: 0
  m_IsActive: 1
--- !u!4 &1160391881745335303
Transform:
  m_ObjectHideFlags: 0
  m_CorrespondingSourceObject: {fileID: 0}
  m_PrefabInstance: {fileID: 0}
  m_PrefabAsset: {fileID: 0}
  m_GameObject: {fileID: 1159355258699704115}
  m_LocalRotation: {x: 0.00987231, y: 0.33872485, z: 0.121154994, w: 0.93300027}
  m_LocalPosition: {x: -0.17022932, y: -0.000000012111664, z: 0.00000048446657}
  m_LocalScale: {x: 1.0000013, y: 1, z: 0.9999986}
  m_Children:
  - {fileID: 1160349344078908583}
  m_Father: {fileID: 1160786878717859357}
  m_RootOrder: 0
  m_LocalEulerAnglesHint: {x: 0, y: 0, z: 0}
--- !u!1 &1159360126858487853
GameObject:
  m_ObjectHideFlags: 0
  m_CorrespondingSourceObject: {fileID: 0}
  m_PrefabInstance: {fileID: 0}
  m_PrefabAsset: {fileID: 0}
  serializedVersion: 6
  m_Component:
  - component: {fileID: 1160419140928310287}
  m_Layer: 0
  m_Name: Point008
  m_TagString: Untagged
  m_Icon: {fileID: 0}
  m_NavMeshLayer: 0
  m_StaticEditorFlags: 0
  m_IsActive: 1
--- !u!4 &1160419140928310287
Transform:
  m_ObjectHideFlags: 0
  m_CorrespondingSourceObject: {fileID: 0}
  m_PrefabInstance: {fileID: 0}
  m_PrefabAsset: {fileID: 0}
  m_GameObject: {fileID: 1159360126858487853}
  m_LocalRotation: {x: -0.8468092, y: 0.024584258, z: -0.0386994, w: 0.5299171}
  m_LocalPosition: {x: 0.0000013080597, y: -0.00002424755, z: -0.000112880705}
  m_LocalScale: {x: 0.9999994, y: 1.0000005, z: 1}
  m_Children: []
  m_Father: {fileID: 1160349344078908583}
  m_RootOrder: 4
  m_LocalEulerAnglesHint: {x: 0, y: 0, z: 0}
--- !u!1 &1159381912210570583
GameObject:
  m_ObjectHideFlags: 0
  m_CorrespondingSourceObject: {fileID: 0}
  m_PrefabInstance: {fileID: 0}
  m_PrefabAsset: {fileID: 0}
  serializedVersion: 6
  m_Component:
  - component: {fileID: 1154443448321212247}
  m_Layer: 0
  m_Name: LeftHandRing1
  m_TagString: Untagged
  m_Icon: {fileID: 0}
  m_NavMeshLayer: 0
  m_StaticEditorFlags: 0
  m_IsActive: 1
--- !u!4 &1154443448321212247
Transform:
  m_ObjectHideFlags: 0
  m_CorrespondingSourceObject: {fileID: 0}
  m_PrefabInstance: {fileID: 0}
  m_PrefabAsset: {fileID: 0}
  m_GameObject: {fileID: 1159381912210570583}
  m_LocalRotation: {x: -0.028518137, y: -0.04352979, z: 0.05458277, w: 0.99715227}
  m_LocalPosition: {x: -0.0975922, y: -0.0044623245, z: -0.022597628}
  m_LocalScale: {x: 0.9999996, y: 1.0000007, z: 0.9999995}
  m_Children:
  - {fileID: 1154140775855408471}
  m_Father: {fileID: 1160722141797693517}
  m_RootOrder: 3
  m_LocalEulerAnglesHint: {x: 0, y: 0, z: 0}
--- !u!1 &1159388559860112669
GameObject:
  m_ObjectHideFlags: 0
  m_CorrespondingSourceObject: {fileID: 0}
  m_PrefabInstance: {fileID: 0}
  m_PrefabAsset: {fileID: 0}
  serializedVersion: 6
  m_Component:
  - component: {fileID: 1154496820147453897}
  - component: {fileID: 1295992741856247745}
  m_Layer: 0
  m_Name: Armor_01
  m_TagString: Untagged
  m_Icon: {fileID: 0}
  m_NavMeshLayer: 0
  m_StaticEditorFlags: 0
  m_IsActive: 1
--- !u!4 &1154496820147453897
Transform:
  m_ObjectHideFlags: 0
  m_CorrespondingSourceObject: {fileID: 0}
  m_PrefabInstance: {fileID: 0}
  m_PrefabAsset: {fileID: 0}
  m_GameObject: {fileID: 1159388559860112669}
  m_LocalRotation: {x: 0.000000021855694, y: -0, z: -0, w: 1}
  m_LocalPosition: {x: -0, y: 0, z: 0}
  m_LocalScale: {x: 0.9721373, y: 0.9721373, z: 0.9721373}
  m_Children: []
  m_Father: {fileID: 1154365195690286869}
  m_RootOrder: 0
  m_LocalEulerAnglesHint: {x: 0, y: 0, z: 0}
--- !u!137 &1295992741856247745
SkinnedMeshRenderer:
  m_ObjectHideFlags: 0
  m_CorrespondingSourceObject: {fileID: 0}
  m_PrefabInstance: {fileID: 0}
  m_PrefabAsset: {fileID: 0}
  m_GameObject: {fileID: 1159388559860112669}
  m_Enabled: 1
  m_CastShadows: 1
  m_ReceiveShadows: 1
  m_DynamicOccludee: 1
  m_MotionVectors: 1
  m_LightProbeUsage: 1
  m_ReflectionProbeUsage: 1
  m_RayTracingMode: 0
  m_RenderingLayerMask: 1
  m_RendererPriority: 0
  m_Materials:
  - {fileID: 2100000, guid: 815c97698716d2d4abecd98dc4b9b845, type: 2}
  m_StaticBatchInfo:
    firstSubMesh: 0
    subMeshCount: 0
  m_StaticBatchRoot: {fileID: 0}
  m_ProbeAnchor: {fileID: 0}
  m_LightProbeVolumeOverride: {fileID: 0}
  m_ScaleInLightmap: 1
  m_ReceiveGI: 1
  m_PreserveUVs: 0
  m_IgnoreNormalsForChartDetection: 0
  m_ImportantGI: 0
  m_StitchLightmapSeams: 1
  m_SelectedEditorRenderState: 3
  m_MinimumChartSize: 4
  m_AutoUVMaxDistance: 0.5
  m_AutoUVMaxAngle: 89
  m_LightmapParameters: {fileID: 0}
  m_SortingLayerID: 0
  m_SortingLayer: 0
  m_SortingOrder: 0
  serializedVersion: 2
  m_Quality: 0
  m_UpdateWhenOffscreen: 0
  m_SkinnedMotionVectors: 1
  m_Mesh: {fileID: 4300006, guid: 2cded674c8370b04cb52b6e47e8d32df, type: 3}
  m_Bones:
  - {fileID: 1154224667238505571}
  - {fileID: 1154521271082440617}
  - {fileID: 1160391881745335303}
  - {fileID: 1154338948875715097}
  - {fileID: 1160241686151542075}
  - {fileID: 1160786878717859357}
  - {fileID: 1160265554290123513}
  - {fileID: 1160349344078908583}
  - {fileID: 1160619825743899575}
  - {fileID: 1160802342780717033}
  - {fileID: 1160336431008191993}
  - {fileID: 1154457595124908319}
  m_BlendShapeWeights: []
  m_RootBone: {fileID: 1154521271082440617}
  m_AABB:
    m_Center: {x: -0.35978743, y: 0.0152799785, z: 0.0016660243}
    m_Extent: {x: 0.37760362, y: 0.27585208, z: 0.38227838}
  m_DirtyAABB: 0
--- !u!1001 &1158893128534161208
PrefabInstance:
  m_ObjectHideFlags: 0
  serializedVersion: 2
  m_Modification:
    m_TransformParent: {fileID: 1154403766959607847}
    m_Modifications:
    - target: {fileID: 1241752281396488, guid: 1f1ea5e108f5715449c51356926c91d3, type: 3}
      propertyPath: m_Name
      value: Shotgun
      objectReference: {fileID: 0}
    - target: {fileID: 4358161675579430, guid: 1f1ea5e108f5715449c51356926c91d3, type: 3}
      propertyPath: m_LocalPosition.x
      value: 0.019
      objectReference: {fileID: 0}
    - target: {fileID: 4358161675579430, guid: 1f1ea5e108f5715449c51356926c91d3, type: 3}
      propertyPath: m_LocalPosition.y
      value: 0.096
      objectReference: {fileID: 0}
    - target: {fileID: 4358161675579430, guid: 1f1ea5e108f5715449c51356926c91d3, type: 3}
      propertyPath: m_LocalPosition.z
      value: 0.263
      objectReference: {fileID: 0}
    - target: {fileID: 4358161675579430, guid: 1f1ea5e108f5715449c51356926c91d3, type: 3}
      propertyPath: m_LocalRotation.x
      value: -0.16361646
      objectReference: {fileID: 0}
    - target: {fileID: 4358161675579430, guid: 1f1ea5e108f5715449c51356926c91d3, type: 3}
      propertyPath: m_LocalRotation.y
      value: 0.039398894
      objectReference: {fileID: 0}
    - target: {fileID: 4358161675579430, guid: 1f1ea5e108f5715449c51356926c91d3, type: 3}
      propertyPath: m_LocalRotation.z
      value: -0.09344503
      objectReference: {fileID: 0}
    - target: {fileID: 4358161675579430, guid: 1f1ea5e108f5715449c51356926c91d3, type: 3}
      propertyPath: m_LocalRotation.w
      value: 0.9812978
      objectReference: {fileID: 0}
    - target: {fileID: 4358161675579430, guid: 1f1ea5e108f5715449c51356926c91d3, type: 3}
      propertyPath: m_RootOrder
      value: 0
      objectReference: {fileID: 0}
    - target: {fileID: 4358161675579430, guid: 1f1ea5e108f5715449c51356926c91d3, type: 3}
      propertyPath: m_LocalEulerAnglesHint.x
      value: -18.285002
      objectReference: {fileID: 0}
    - target: {fileID: 4358161675579430, guid: 1f1ea5e108f5715449c51356926c91d3, type: 3}
      propertyPath: m_LocalEulerAnglesHint.y
      value: 6.525
      objectReference: {fileID: 0}
    - target: {fileID: 4358161675579430, guid: 1f1ea5e108f5715449c51356926c91d3, type: 3}
      propertyPath: m_LocalEulerAnglesHint.z
      value: -11.931001
      objectReference: {fileID: 0}
    - target: {fileID: 4358161675579430, guid: 1f1ea5e108f5715449c51356926c91d3, type: 3}
      propertyPath: m_LocalScale.x
      value: 1.1
      objectReference: {fileID: 0}
    - target: {fileID: 4358161675579430, guid: 1f1ea5e108f5715449c51356926c91d3, type: 3}
      propertyPath: m_LocalScale.y
      value: 1.1
      objectReference: {fileID: 0}
    - target: {fileID: 4358161675579430, guid: 1f1ea5e108f5715449c51356926c91d3, type: 3}
      propertyPath: m_LocalScale.z
      value: 1.1
      objectReference: {fileID: 0}
    m_RemovedComponents: []
  m_SourcePrefab: {fileID: 100100000, guid: 1f1ea5e108f5715449c51356926c91d3, type: 3}
--- !u!4 &1160324037983897374 stripped
Transform:
  m_CorrespondingSourceObject: {fileID: 4358161675579430, guid: 1f1ea5e108f5715449c51356926c91d3,
    type: 3}
  m_PrefabInstance: {fileID: 1158893128534161208}
  m_PrefabAsset: {fileID: 0}
