%YAML 1.1
%TAG !u! tag:unity3d.com,2011:
--- !u!1 &1002185545684022
GameObject:
  m_ObjectHideFlags: 0
  m_CorrespondingSourceObject: {fileID: 0}
  m_PrefabInstance: {fileID: 0}
  m_PrefabAsset: {fileID: 0}
  serializedVersion: 6
  m_Component:
  - component: {fileID: 4717444262952726}
  - component: {fileID: 137998263805362708}
  m_Layer: 0
  m_Name: Balaclava_01
  m_TagString: Untagged
  m_Icon: {fileID: 0}
  m_NavMeshLayer: 0
  m_StaticEditorFlags: 0
  m_IsActive: 1
--- !u!4 &4717444262952726
Transform:
  m_ObjectHideFlags: 0
  m_CorrespondingSourceObject: {fileID: 0}
  m_PrefabInstance: {fileID: 0}
  m_PrefabAsset: {fileID: 0}
  m_GameObject: {fileID: 1002185545684022}
  m_LocalRotation: {x: -0.7071068, y: 0, z: -0, w: 0.7071068}
  m_LocalPosition: {x: -0, y: 0, z: 0}
  m_LocalScale: {x: 0.9721373, y: 0.9721373, z: 0.9721373}
  m_Children: []
  m_Father: {fileID: 4564901442687178}
  m_RootOrder: 0
  m_LocalEulerAnglesHint: {x: 0, y: 0, z: 0}
--- !u!137 &137998263805362708
SkinnedMeshRenderer:
  m_ObjectHideFlags: 0
  m_CorrespondingSourceObject: {fileID: 0}
  m_PrefabInstance: {fileID: 0}
  m_PrefabAsset: {fileID: 0}
  m_GameObject: {fileID: 1002185545684022}
  m_Enabled: 1
  m_CastShadows: 1
  m_ReceiveShadows: 1
  m_DynamicOccludee: 1
  m_MotionVectors: 1
  m_LightProbeUsage: 1
  m_ReflectionProbeUsage: 1
  m_RayTracingMode: 0
  m_RenderingLayerMask: 1
  m_RendererPriority: 0
  m_Materials:
  - {fileID: 2100000, guid: c3264c56730228a48882ee30820c8c72, type: 2}
  m_StaticBatchInfo:
    firstSubMesh: 0
    subMeshCount: 0
  m_StaticBatchRoot: {fileID: 0}
  m_ProbeAnchor: {fileID: 0}
  m_LightProbeVolumeOverride: {fileID: 0}
  m_ScaleInLightmap: 1
  m_ReceiveGI: 1
  m_PreserveUVs: 0
  m_IgnoreNormalsForChartDetection: 0
  m_ImportantGI: 0
  m_StitchLightmapSeams: 1
  m_SelectedEditorRenderState: 3
  m_MinimumChartSize: 4
  m_AutoUVMaxDistance: 0.5
  m_AutoUVMaxAngle: 89
  m_LightmapParameters: {fileID: 0}
  m_SortingLayerID: 0
  m_SortingLayer: 0
  m_SortingOrder: 0
  serializedVersion: 2
  m_Quality: 0
  m_UpdateWhenOffscreen: 0
  m_SkinnedMotionVectors: 1
  m_Mesh: {fileID: 4300000, guid: d1d1f6c39872b8d4ea995fbd67818613, type: 3}
  m_Bones:
  - {fileID: 4921452704062902}
  - {fileID: 4851331033255660}
  - {fileID: 4901238661220968}
  - {fileID: 4589140260019946}
  - {fileID: 4485089383464674}
  - {fileID: 4735714420979880}
  - {fileID: 4975563039674010}
  - {fileID: 4880512031177848}
  m_BlendShapeWeights: []
  m_RootBone: {fileID: 4485089383464674}
  m_AABB:
    m_Center: {x: -0.50963587, y: 0.028626256, z: 0.00818621}
    m_Extent: {x: 0.1860736, y: 0.14534938, z: 0.11905421}
  m_DirtyAABB: 0
--- !u!1 &1046870396073498
GameObject:
  m_ObjectHideFlags: 0
  m_CorrespondingSourceObject: {fileID: 0}
  m_PrefabInstance: {fileID: 0}
  m_PrefabAsset: {fileID: 0}
  serializedVersion: 6
  m_Component:
  - component: {fileID: 4879627150026180}
  m_Layer: 0
  m_Name: RightHandThumb3
  m_TagString: Untagged
  m_Icon: {fileID: 0}
  m_NavMeshLayer: 0
  m_StaticEditorFlags: 0
  m_IsActive: 1
--- !u!4 &4879627150026180
Transform:
  m_ObjectHideFlags: 0
  m_CorrespondingSourceObject: {fileID: 0}
  m_PrefabInstance: {fileID: 0}
  m_PrefabAsset: {fileID: 0}
  m_GameObject: {fileID: 1046870396073498}
  m_LocalRotation: {x: 0.0017723463, y: 0.036698356, z: 0.09407221, w: 0.9948872}
  m_LocalPosition: {x: -0.035799753, y: 0.000000072669984, z: 0.00000009689331}
  m_LocalScale: {x: 0.99999624, y: 1, z: 1.0000035}
  m_Children: []
  m_Father: {fileID: 4688657310370072}
  m_RootOrder: 0
  m_LocalEulerAnglesHint: {x: 0, y: 0, z: 0}
--- !u!1 &1064221642732498
GameObject:
  m_ObjectHideFlags: 0
  m_CorrespondingSourceObject: {fileID: 0}
  m_PrefabInstance: {fileID: 0}
  m_PrefabAsset: {fileID: 0}
  serializedVersion: 6
  m_Component:
  - component: {fileID: 4975563039674010}
  m_Layer: 0
  m_Name: RightShoulder
  m_TagString: Untagged
  m_Icon: {fileID: 0}
  m_NavMeshLayer: 0
  m_StaticEditorFlags: 0
  m_IsActive: 1
--- !u!4 &4975563039674010
Transform:
  m_ObjectHideFlags: 0
  m_CorrespondingSourceObject: {fileID: 0}
  m_PrefabInstance: {fileID: 0}
  m_PrefabAsset: {fileID: 0}
  m_GameObject: {fileID: 1064221642732498}
  m_LocalRotation: {x: 0.011190185, y: -0.78946584, z: -0.032275878, w: 0.6128433}
  m_LocalPosition: {x: -0.13595681, y: -0.010296488, z: -0.046551626}
  m_LocalScale: {x: 1, y: 0.9999999, z: 0.99999994}
  m_Children:
  - {fileID: 4880512031177848}
  m_Father: {fileID: 4901238661220968}
  m_RootOrder: 2
  m_LocalEulerAnglesHint: {x: 0, y: 0, z: 0}
--- !u!1 &1085393553418978
GameObject:
  m_ObjectHideFlags: 0
  m_CorrespondingSourceObject: {fileID: 0}
  m_PrefabInstance: {fileID: 0}
  m_PrefabAsset: {fileID: 0}
  serializedVersion: 6
  m_Component:
  - component: {fileID: 4370830866655258}
  m_Layer: 0
  m_Name: LeftUpLeg
  m_TagString: Untagged
  m_Icon: {fileID: 0}
  m_NavMeshLayer: 0
  m_StaticEditorFlags: 0
  m_IsActive: 1
--- !u!4 &4370830866655258
Transform:
  m_ObjectHideFlags: 0
  m_CorrespondingSourceObject: {fileID: 0}
  m_PrefabInstance: {fileID: 0}
  m_PrefabAsset: {fileID: 0}
  m_GameObject: {fileID: 1085393553418978}
  m_LocalRotation: {x: -0.052760884, y: 0.99745154, z: -0.00038060907, w: 0.048027452}
  m_LocalPosition: {x: 0.00000009689331, y: 0.00000017561912, z: 0.09406086}
  m_LocalScale: {x: 1, y: 1, z: 1}
  m_Children:
  - {fileID: 4371205545813776}
  m_Father: {fileID: 4275206903948138}
  m_RootOrder: 0
  m_LocalEulerAnglesHint: {x: 0, y: 0, z: 0}
--- !u!1 &1088424073926798
GameObject:
  m_ObjectHideFlags: 0
  m_CorrespondingSourceObject: {fileID: 0}
  m_PrefabInstance: {fileID: 0}
  m_PrefabAsset: {fileID: 0}
  serializedVersion: 6
  m_Component:
  - component: {fileID: 4970942054305790}
  m_Layer: 0
  m_Name: LeftPlatform
  m_TagString: Untagged
  m_Icon: {fileID: 0}
  m_NavMeshLayer: 0
  m_StaticEditorFlags: 0
  m_IsActive: 1
--- !u!4 &4970942054305790
Transform:
  m_ObjectHideFlags: 0
  m_CorrespondingSourceObject: {fileID: 0}
  m_PrefabInstance: {fileID: 0}
  m_PrefabAsset: {fileID: 0}
  m_GameObject: {fileID: 1088424073926798}
  m_LocalRotation: {x: 0.5213339, y: -0.5213339, z: -0.47771436, w: 0.47771436}
  m_LocalPosition: {x: -0.17501634, y: -0.000000013998998, z: 0.013675372}
  m_LocalScale: {x: 1, y: 1, z: 1}
  m_Children: []
  m_Father: {fileID: 4564901442687178}
  m_RootOrder: 1
  m_LocalEulerAnglesHint: {x: 0, y: 0, z: 0}
--- !u!1 &1094632178577762
GameObject:
  m_ObjectHideFlags: 0
  m_CorrespondingSourceObject: {fileID: 0}
  m_PrefabInstance: {fileID: 0}
  m_PrefabAsset: {fileID: 0}
  serializedVersion: 6
  m_Component:
  - component: {fileID: 4158430722029474}
  m_Layer: 0
  m_Name: RightHandLittle1
  m_TagString: Untagged
  m_Icon: {fileID: 0}
  m_NavMeshLayer: 0
  m_StaticEditorFlags: 0
  m_IsActive: 1
--- !u!4 &4158430722029474
Transform:
  m_ObjectHideFlags: 0
  m_CorrespondingSourceObject: {fileID: 0}
  m_PrefabInstance: {fileID: 0}
  m_PrefabAsset: {fileID: 0}
  m_GameObject: {fileID: 1094632178577762}
  m_LocalRotation: {x: 0.027751455, y: 0.06466903, z: 0.16451237, w: 0.9838615}
  m_LocalPosition: {x: -0.10477548, y: 0.0069797095, z: 0.049375582}
  m_LocalScale: {x: 0.9999953, y: 1.0000046, z: 1}
  m_Children:
  - {fileID: 4825113465332428}
  m_Father: {fileID: 4288560906055378}
  m_RootOrder: 1
  m_LocalEulerAnglesHint: {x: 0, y: 0, z: 0}
--- !u!1 &1102023439155448
GameObject:
  m_ObjectHideFlags: 0
  m_CorrespondingSourceObject: {fileID: 0}
  m_PrefabInstance: {fileID: 0}
  m_PrefabAsset: {fileID: 0}
  serializedVersion: 6
  m_Component:
  - component: {fileID: 4862915732301568}
  m_Layer: 0
  m_Name: LeftHandRing3
  m_TagString: Untagged
  m_Icon: {fileID: 0}
  m_NavMeshLayer: 0
  m_StaticEditorFlags: 0
  m_IsActive: 1
--- !u!4 &4862915732301568
Transform:
  m_ObjectHideFlags: 0
  m_CorrespondingSourceObject: {fileID: 0}
  m_PrefabInstance: {fileID: 0}
  m_PrefabAsset: {fileID: 0}
  m_GameObject: {fileID: 1102023439155448}
  m_LocalRotation: {x: -0.013960256, y: 0.00031086293, z: 0.043505266, w: 0.9989556}
  m_LocalPosition: {x: -0.030260459, y: 0.00000009689331, z: -0.000000024223327}
  m_LocalScale: {x: 0.9999988, y: 1.0000015, z: 0.9999996}
  m_Children: []
  m_Father: {fileID: 4202119005753340}
  m_RootOrder: 0
  m_LocalEulerAnglesHint: {x: 0, y: 0, z: 0}
--- !u!1 &1112819199053692
GameObject:
  m_ObjectHideFlags: 0
  m_CorrespondingSourceObject: {fileID: 0}
  m_PrefabInstance: {fileID: 0}
  m_PrefabAsset: {fileID: 0}
  serializedVersion: 6
  m_Component:
  - component: {fileID: 4299359360031460}
  m_Layer: 0
  m_Name: Point008
  m_TagString: Untagged
  m_Icon: {fileID: 0}
  m_NavMeshLayer: 0
  m_StaticEditorFlags: 0
  m_IsActive: 1
--- !u!4 &4299359360031460
Transform:
  m_ObjectHideFlags: 0
  m_CorrespondingSourceObject: {fileID: 0}
  m_PrefabInstance: {fileID: 0}
  m_PrefabAsset: {fileID: 0}
  m_GameObject: {fileID: 1112819199053692}
  m_LocalRotation: {x: -0.8468092, y: 0.024584258, z: -0.0386994, w: 0.5299171}
  m_LocalPosition: {x: 0.0000013080597, y: -0.00002424755, z: -0.000112880705}
  m_LocalScale: {x: 0.9999994, y: 1.0000005, z: 1}
  m_Children: []
  m_Father: {fileID: 4489808762397864}
  m_RootOrder: 4
  m_LocalEulerAnglesHint: {x: 0, y: 0, z: 0}
--- !u!1 &1120535654903354
GameObject:
  m_ObjectHideFlags: 0
  m_CorrespondingSourceObject: {fileID: 0}
  m_PrefabInstance: {fileID: 0}
  m_PrefabAsset: {fileID: 0}
  serializedVersion: 6
  m_Component:
  - component: {fileID: 4371205545813776}
  m_Layer: 0
  m_Name: LeftLeg
  m_TagString: Untagged
  m_Icon: {fileID: 0}
  m_NavMeshLayer: 0
  m_StaticEditorFlags: 0
  m_IsActive: 1
--- !u!4 &4371205545813776
Transform:
  m_ObjectHideFlags: 0
  m_CorrespondingSourceObject: {fileID: 0}
  m_PrefabInstance: {fileID: 0}
  m_PrefabAsset: {fileID: 0}
  m_GameObject: {fileID: 1120535654903354}
  m_LocalRotation: {x: -0.0007027353, y: -0.0010249448, z: 0.17301404, w: 0.9849186}
  m_LocalPosition: {x: -0.455026, y: 0.0000023072719, z: 0.0000006298065}
  m_LocalScale: {x: 1.0000002, y: 1, z: 1}
  m_Children:
  - {fileID: 4357803907096798}
  m_Father: {fileID: 4370830866655258}
  m_RootOrder: 0
  m_LocalEulerAnglesHint: {x: 0, y: 0, z: 0}
--- !u!1 &1139070348193796
GameObject:
  m_ObjectHideFlags: 0
  m_CorrespondingSourceObject: {fileID: 0}
  m_PrefabInstance: {fileID: 0}
  m_PrefabAsset: {fileID: 0}
  serializedVersion: 6
  m_Component:
  - component: {fileID: 4716481156535926}
  m_Layer: 0
  m_Name: LeftHand
  m_TagString: Untagged
  m_Icon: {fileID: 0}
  m_NavMeshLayer: 0
  m_StaticEditorFlags: 0
  m_IsActive: 1
--- !u!4 &4716481156535926
Transform:
  m_ObjectHideFlags: 0
  m_CorrespondingSourceObject: {fileID: 0}
  m_PrefabInstance: {fileID: 0}
  m_PrefabAsset: {fileID: 0}
  m_GameObject: {fileID: 1139070348193796}
  m_LocalRotation: {x: -0.6102124, y: 0.037040316, z: 0.10210393, w: 0.78475714}
  m_LocalPosition: {x: -0.26497987, y: 0.000000048446655, z: -0.00000009689331}
  m_LocalScale: {x: 0.9999997, y: 1.0000005, z: 0.99999976}
  m_Children:
  - {fileID: 4765742617975146}
  - {fileID: 4941300476352794}
  - {fileID: 4226440321464386}
  - {fileID: 4714647033284330}
  - {fileID: 4074483706261370}
  m_Father: {fileID: 4489808762397864}
  m_RootOrder: 2
  m_LocalEulerAnglesHint: {x: 0, y: 0, z: 0}
--- !u!1 &1145413403379852
GameObject:
  m_ObjectHideFlags: 0
  m_CorrespondingSourceObject: {fileID: 0}
  m_PrefabInstance: {fileID: 0}
  m_PrefabAsset: {fileID: 0}
  serializedVersion: 6
  m_Component:
  - component: {fileID: 4492111965050642}
  m_Layer: 0
  m_Name: LeftHandThumb2
  m_TagString: Untagged
  m_Icon: {fileID: 0}
  m_NavMeshLayer: 0
  m_StaticEditorFlags: 0
  m_IsActive: 1
--- !u!4 &4492111965050642
Transform:
  m_ObjectHideFlags: 0
  m_CorrespondingSourceObject: {fileID: 0}
  m_PrefabInstance: {fileID: 0}
  m_PrefabAsset: {fileID: 0}
  m_GameObject: {fileID: 1145413403379852}
  m_LocalRotation: {x: -0.0064305444, y: 0.00079965114, z: 0.062307812, w: 0.99803597}
  m_LocalPosition: {x: -0.047532417, y: -0.000000072669984, z: -0.00000019378662}
  m_LocalScale: {x: 1, y: 0.99999946, z: 1.0000004}
  m_Children:
  - {fileID: 4117451505465620}
  m_Father: {fileID: 4074483706261370}
  m_RootOrder: 0
  m_LocalEulerAnglesHint: {x: 0, y: 0, z: 0}
--- !u!1 &1158760331145298
GameObject:
  m_ObjectHideFlags: 0
  m_CorrespondingSourceObject: {fileID: 0}
  m_PrefabInstance: {fileID: 0}
  m_PrefabAsset: {fileID: 0}
  serializedVersion: 6
  m_Component:
  - component: {fileID: 4725175914400138}
  m_Layer: 0
  m_Name: RightToeBase
  m_TagString: Untagged
  m_Icon: {fileID: 0}
  m_NavMeshLayer: 0
  m_StaticEditorFlags: 0
  m_IsActive: 1
--- !u!4 &4725175914400138
Transform:
  m_ObjectHideFlags: 0
  m_CorrespondingSourceObject: {fileID: 0}
  m_PrefabInstance: {fileID: 0}
  m_PrefabAsset: {fileID: 0}
  m_GameObject: {fileID: 1158760331145298}
  m_LocalRotation: {x: -0.019144315, y: -0.059817098, z: -0.32452974, w: 0.94378805}
  m_LocalPosition: {x: -0.17033598, y: 0.000000009083748, z: 0.000000012111664}
  m_LocalScale: {x: 1.0000023, y: 0.99999756, z: 1}
  m_Children: []
  m_Father: {fileID: 4272632645226454}
  m_RootOrder: 0
  m_LocalEulerAnglesHint: {x: 0, y: 0, z: 0}
--- !u!1 &1165922420505834
GameObject:
  m_ObjectHideFlags: 0
  m_CorrespondingSourceObject: {fileID: 0}
  m_PrefabInstance: {fileID: 0}
  m_PrefabAsset: {fileID: 0}
  serializedVersion: 6
  m_Component:
  - component: {fileID: 4224807740691122}
  m_Layer: 0
  m_Name: RightForeArm
  m_TagString: Untagged
  m_Icon: {fileID: 0}
  m_NavMeshLayer: 0
  m_StaticEditorFlags: 0
  m_IsActive: 1
--- !u!4 &4224807740691122
Transform:
  m_ObjectHideFlags: 0
  m_CorrespondingSourceObject: {fileID: 0}
  m_PrefabInstance: {fileID: 0}
  m_PrefabAsset: {fileID: 0}
  m_GameObject: {fileID: 1165922420505834}
  m_LocalRotation: {x: 0.026206847, y: 0.11192808, z: -0.37655762, w: 0.9192332}
  m_LocalPosition: {x: -0.30852205, y: 0, z: 0}
  m_LocalScale: {x: 0.99999994, y: 1, z: 1.0000001}
  m_Children:
  - {fileID: 4473108827943608}
  - {fileID: 4431766636164766}
  - {fileID: 4216303069918010}
  - {fileID: 4057543896762622}
  - {fileID: 4288560906055378}
  m_Father: {fileID: 4880512031177848}
  m_RootOrder: 0
  m_LocalEulerAnglesHint: {x: 0, y: 0, z: 0}
--- !u!1 &1176805224635022
GameObject:
  m_ObjectHideFlags: 0
  m_CorrespondingSourceObject: {fileID: 0}
  m_PrefabInstance: {fileID: 0}
  m_PrefabAsset: {fileID: 0}
  serializedVersion: 6
  m_Component:
  - component: {fileID: 4226440321464386}
  m_Layer: 0
  m_Name: LeftHandMiddle1
  m_TagString: Untagged
  m_Icon: {fileID: 0}
  m_NavMeshLayer: 0
  m_StaticEditorFlags: 0
  m_IsActive: 1
--- !u!4 &4226440321464386
Transform:
  m_ObjectHideFlags: 0
  m_CorrespondingSourceObject: {fileID: 0}
  m_PrefabInstance: {fileID: 0}
  m_PrefabAsset: {fileID: 0}
  m_GameObject: {fileID: 1176805224635022}
  m_LocalRotation: {x: 0.023164943, y: -0.012667017, z: 0.07140545, w: 0.9970979}
  m_LocalPosition: {x: -0.101380266, y: 0.007346257, z: 0.003988189}
  m_LocalScale: {x: 0.9999996, y: 1.0000004, z: 0.9999998}
  m_Children:
  - {fileID: 4796090549402894}
  m_Father: {fileID: 4716481156535926}
  m_RootOrder: 2
  m_LocalEulerAnglesHint: {x: 0, y: 0, z: 0}
--- !u!1 &1203508089214476
GameObject:
  m_ObjectHideFlags: 0
  m_CorrespondingSourceObject: {fileID: 0}
  m_PrefabInstance: {fileID: 0}
  m_PrefabAsset: {fileID: 0}
  serializedVersion: 6
  m_Component:
  - component: {fileID: 4229755114501834}
  m_Layer: 0
  m_Name: Point005
  m_TagString: Untagged
  m_Icon: {fileID: 0}
  m_NavMeshLayer: 0
  m_StaticEditorFlags: 0
  m_IsActive: 1
--- !u!4 &4229755114501834
Transform:
  m_ObjectHideFlags: 0
  m_CorrespondingSourceObject: {fileID: 0}
  m_PrefabInstance: {fileID: 0}
  m_PrefabAsset: {fileID: 0}
  m_GameObject: {fileID: 1203508089214476}
  m_LocalRotation: {x: 0.33332184, y: -0.0000009251804, z: -0.00000047106482, w: 0.9428131}
  m_LocalPosition: {x: -0.1350155, y: -0.000000072669984, z: 0.00000009689331}
  m_LocalScale: {x: 0.99999964, y: 0.99999976, z: 0.99999976}
  m_Children: []
  m_Father: {fileID: 4489808762397864}
  m_RootOrder: 3
  m_LocalEulerAnglesHint: {x: 0, y: 0, z: 0}
--- !u!1 &1215421001882390
GameObject:
  m_ObjectHideFlags: 0
  m_CorrespondingSourceObject: {fileID: 0}
  m_PrefabInstance: {fileID: 0}
  m_PrefabAsset: {fileID: 0}
  serializedVersion: 6
  m_Component:
  - component: {fileID: 4788599003020250}
  m_Layer: 0
  m_Name: WeaponHolder
  m_TagString: Untagged
  m_Icon: {fileID: 0}
  m_NavMeshLayer: 0
  m_StaticEditorFlags: 0
  m_IsActive: 1
--- !u!4 &4788599003020250
Transform:
  m_ObjectHideFlags: 0
  m_CorrespondingSourceObject: {fileID: 0}
  m_PrefabInstance: {fileID: 0}
  m_PrefabAsset: {fileID: 0}
  m_GameObject: {fileID: 1215421001882390}
  m_LocalRotation: {x: -0.44383633, y: -0.42367458, z: 0.54277724, w: 0.57349986}
  m_LocalPosition: {x: -0.08752571, y: -0.030075585, z: -0.00021839752}
  m_LocalScale: {x: 0.9999914, y: 1, z: 1.0000083}
  m_Children: []
  m_Father: {fileID: 4288560906055378}
  m_RootOrder: 5
  m_LocalEulerAnglesHint: {x: 0, y: 0, z: 0}
--- !u!1 &1234738641391898
GameObject:
  m_ObjectHideFlags: 0
  m_CorrespondingSourceObject: {fileID: 0}
  m_PrefabInstance: {fileID: 0}
  m_PrefabAsset: {fileID: 0}
  serializedVersion: 6
  m_Component:
  - component: {fileID: 4572867450098704}
  m_Layer: 0
  m_Name: RightLeg
  m_TagString: Untagged
  m_Icon: {fileID: 0}
  m_NavMeshLayer: 0
  m_StaticEditorFlags: 0
  m_IsActive: 1
--- !u!4 &4572867450098704
Transform:
  m_ObjectHideFlags: 0
  m_CorrespondingSourceObject: {fileID: 0}
  m_PrefabInstance: {fileID: 0}
  m_PrefabAsset: {fileID: 0}
  m_GameObject: {fileID: 1234738641391898}
  m_LocalRotation: {x: -0.0009311703, y: -0.010566674, z: 0.16758287, w: 0.9858009}
  m_LocalPosition: {x: -0.4550686, y: 0.0000024223327, z: -0.000000048446655}
  m_LocalScale: {x: 1, y: 1.0000001, z: 1.0000001}
  m_Children:
  - {fileID: 4272632645226454}
  m_Father: {fileID: 4134590387343340}
  m_RootOrder: 0
  m_LocalEulerAnglesHint: {x: 0, y: 0, z: 0}
--- !u!1 &1237712723315074
GameObject:
  m_ObjectHideFlags: 0
  m_CorrespondingSourceObject: {fileID: 0}
  m_PrefabInstance: {fileID: 0}
  m_PrefabAsset: {fileID: 0}
  serializedVersion: 6
  m_Component:
  - component: {fileID: 4078651483022052}
  m_Layer: 0
  m_Name: RightHandIndex2
  m_TagString: Untagged
  m_Icon: {fileID: 0}
  m_NavMeshLayer: 0
  m_StaticEditorFlags: 0
  m_IsActive: 1
--- !u!4 &4078651483022052
Transform:
  m_ObjectHideFlags: 0
  m_CorrespondingSourceObject: {fileID: 0}
  m_PrefabInstance: {fileID: 0}
  m_PrefabAsset: {fileID: 0}
  m_GameObject: {fileID: 1237712723315074}
  m_LocalRotation: {x: -0.015527651, y: -0.03439846, z: 0.041006997, w: 0.9984458}
  m_LocalPosition: {x: -0.025659965, y: 0.00000009689331, z: -0.000000012111664}
  m_LocalScale: {x: 0.9999954, y: 1.0000037, z: 1.0000006}
  m_Children:
  - {fileID: 4313784315720700}
  m_Father: {fileID: 4754760795762926}
  m_RootOrder: 0
  m_LocalEulerAnglesHint: {x: 0, y: 0, z: 0}
--- !u!1 &1239416406510556
GameObject:
  m_ObjectHideFlags: 0
  m_CorrespondingSourceObject: {fileID: 0}
  m_PrefabInstance: {fileID: 0}
  m_PrefabAsset: {fileID: 0}
  serializedVersion: 6
  m_Component:
  - component: {fileID: 4485089383464674}
  m_Layer: 0
  m_Name: Spine
  m_TagString: Untagged
  m_Icon: {fileID: 0}
  m_NavMeshLayer: 0
  m_StaticEditorFlags: 0
  m_IsActive: 1
--- !u!4 &4485089383464674
Transform:
  m_ObjectHideFlags: 0
  m_CorrespondingSourceObject: {fileID: 0}
  m_PrefabInstance: {fileID: 0}
  m_PrefabAsset: {fileID: 0}
  m_GameObject: {fileID: 1239416406510556}
  m_LocalRotation: {x: -0.0000020584173, y: 0.000000715824, z: 0.03055713, w: 0.999533}
  m_LocalPosition: {x: -0.19864476, y: -0.00010238898, z: 0.00000040836613}
  m_LocalScale: {x: 1, y: 1, z: 1}
  m_Children:
  - {fileID: 4901238661220968}
  m_Father: {fileID: 4275206903948138}
  m_RootOrder: 2
  m_LocalEulerAnglesHint: {x: 0, y: 0, z: 0}
--- !u!1 &1246608490982072
GameObject:
  m_ObjectHideFlags: 0
  m_CorrespondingSourceObject: {fileID: 0}
  m_PrefabInstance: {fileID: 0}
  m_PrefabAsset: {fileID: 0}
  serializedVersion: 6
  m_Component:
  - component: {fileID: 4272632645226454}
  m_Layer: 0
  m_Name: RightFoot
  m_TagString: Untagged
  m_Icon: {fileID: 0}
  m_NavMeshLayer: 0
  m_StaticEditorFlags: 0
  m_IsActive: 1
--- !u!4 &4272632645226454
Transform:
  m_ObjectHideFlags: 0
  m_CorrespondingSourceObject: {fileID: 0}
  m_PrefabInstance: {fileID: 0}
  m_PrefabAsset: {fileID: 0}
  m_GameObject: {fileID: 1246608490982072}
  m_LocalRotation: {x: 0.067779, y: -0.01657275, z: -0.53816843, w: 0.8399441}
  m_LocalPosition: {x: -0.42191592, y: -0.000000012111664, z: 0}
  m_LocalScale: {x: 0.9999987, y: 1.0000012, z: 1.0000001}
  m_Children:
  - {fileID: 4725175914400138}
  m_Father: {fileID: 4572867450098704}
  m_RootOrder: 0
  m_LocalEulerAnglesHint: {x: 0, y: 0, z: 0}
--- !u!1 &1248264198135120
GameObject:
  m_ObjectHideFlags: 0
  m_CorrespondingSourceObject: {fileID: 0}
  m_PrefabInstance: {fileID: 0}
  m_PrefabAsset: {fileID: 0}
  serializedVersion: 6
  m_Component:
  - component: {fileID: 4234051226064780}
  m_Layer: 0
  m_Name: RightPlatform
  m_TagString: Untagged
  m_Icon: {fileID: 0}
  m_NavMeshLayer: 0
  m_StaticEditorFlags: 0
  m_IsActive: 1
--- !u!4 &4234051226064780
Transform:
  m_ObjectHideFlags: 0
  m_CorrespondingSourceObject: {fileID: 0}
  m_PrefabInstance: {fileID: 0}
  m_PrefabAsset: {fileID: 0}
  m_GameObject: {fileID: 1248264198135120}
  m_LocalRotation: {x: 0.47771448, y: -0.47771448, z: -0.52133375, w: 0.52133375}
  m_LocalPosition: {x: 0.17501634, y: -0.000000009824899, z: 0.013675469}
  m_LocalScale: {x: 1, y: 1, z: 1}
  m_Children: []
  m_Father: {fileID: 4564901442687178}
  m_RootOrder: 2
  m_LocalEulerAnglesHint: {x: 0, y: 0, z: 0}
--- !u!1 &1258223490275294
GameObject:
  m_ObjectHideFlags: 0
  m_CorrespondingSourceObject: {fileID: 0}
  m_PrefabInstance: {fileID: 0}
  m_PrefabAsset: {fileID: 0}
  serializedVersion: 6
  m_Component:
  - component: {fileID: 4825113465332428}
  m_Layer: 0
  m_Name: RightHandLittle2
  m_TagString: Untagged
  m_Icon: {fileID: 0}
  m_NavMeshLayer: 0
  m_StaticEditorFlags: 0
  m_IsActive: 1
--- !u!4 &4825113465332428
Transform:
  m_ObjectHideFlags: 0
  m_CorrespondingSourceObject: {fileID: 0}
  m_PrefabInstance: {fileID: 0}
  m_PrefabAsset: {fileID: 0}
  m_GameObject: {fileID: 1258223490275294}
  m_LocalRotation: {x: 0.00080034556, y: -0.019226119, z: 0.06715567, w: 0.9975569}
  m_LocalPosition: {x: -0.027563822, y: -0.00000009689331, z: 0.000000024223327}
  m_LocalScale: {x: 0.99999577, y: 1.000004, z: 1.0000002}
  m_Children:
  - {fileID: 4717665737192768}
  m_Father: {fileID: 4158430722029474}
  m_RootOrder: 0
  m_LocalEulerAnglesHint: {x: 0, y: 0, z: 0}
--- !u!1 &1283855062074346
GameObject:
  m_ObjectHideFlags: 0
  m_CorrespondingSourceObject: {fileID: 0}
  m_PrefabInstance: {fileID: 0}
  m_PrefabAsset: {fileID: 0}
  serializedVersion: 6
  m_Component:
  - component: {fileID: 4074483706261370}
  m_Layer: 0
  m_Name: LeftHandThumb1
  m_TagString: Untagged
  m_Icon: {fileID: 0}
  m_NavMeshLayer: 0
  m_StaticEditorFlags: 0
  m_IsActive: 1
--- !u!4 &4074483706261370
Transform:
  m_ObjectHideFlags: 0
  m_CorrespondingSourceObject: {fileID: 0}
  m_PrefabInstance: {fileID: 0}
  m_PrefabAsset: {fileID: 0}
  m_GameObject: {fileID: 1283855062074346}
  m_LocalRotation: {x: 0.68441886, y: 0.24756917, z: -0.15230045, w: 0.6686441}
  m_LocalPosition: {x: -0.008945578, y: -0.024356943, z: 0.029056633}
  m_LocalScale: {x: 0.9999998, y: 0.99999976, z: 1.0000004}
  m_Children:
  - {fileID: 4492111965050642}
  m_Father: {fileID: 4716481156535926}
  m_RootOrder: 4
  m_LocalEulerAnglesHint: {x: 0, y: 0, z: 0}
--- !u!1 &1287170123673670
GameObject:
  m_ObjectHideFlags: 0
  m_CorrespondingSourceObject: {fileID: 0}
  m_PrefabInstance: {fileID: 0}
  m_PrefabAsset: {fileID: 0}
  serializedVersion: 6
  m_Component:
  - component: {fileID: 4765742617975146}
  m_Layer: 0
  m_Name: LeftHandIndex1
  m_TagString: Untagged
  m_Icon: {fileID: 0}
  m_NavMeshLayer: 0
  m_StaticEditorFlags: 0
  m_IsActive: 1
--- !u!4 &4765742617975146
Transform:
  m_ObjectHideFlags: 0
  m_CorrespondingSourceObject: {fileID: 0}
  m_PrefabInstance: {fileID: 0}
  m_PrefabAsset: {fileID: 0}
  m_GameObject: {fileID: 1287170123673670}
  m_LocalRotation: {x: 0.014295767, y: -0.036374904, z: 0.12673537, w: 0.99116635}
  m_LocalPosition: {x: -0.098127484, y: -0.0007230179, z: 0.033049945}
  m_LocalScale: {x: 0.99999946, y: 1.0000005, z: 0.9999999}
  m_Children:
  - {fileID: 4361712874804586}
  m_Father: {fileID: 4716481156535926}
  m_RootOrder: 0
  m_LocalEulerAnglesHint: {x: 0, y: 0, z: 0}
--- !u!1 &1300138109640970
GameObject:
  m_ObjectHideFlags: 0
  m_CorrespondingSourceObject: {fileID: 0}
  m_PrefabInstance: {fileID: 0}
  m_PrefabAsset: {fileID: 0}
  serializedVersion: 6
  m_Component:
  - component: {fileID: 4194809306377542}
  m_Layer: 0
  m_Name: LeftForeArmTwist
  m_TagString: Untagged
  m_Icon: {fileID: 0}
  m_NavMeshLayer: 0
  m_StaticEditorFlags: 0
  m_IsActive: 1
--- !u!4 &4194809306377542
Transform:
  m_ObjectHideFlags: 0
  m_CorrespondingSourceObject: {fileID: 0}
  m_PrefabInstance: {fileID: 0}
  m_PrefabAsset: {fileID: 0}
  m_GameObject: {fileID: 1300138109640970}
  m_LocalRotation: {x: 0.00000049173786, y: -0.0000009387737, z: -0.00000063329907,
    w: 1}
  m_LocalPosition: {x: -0.14325559, y: -0.000000024223327, z: 0.00000009689331}
  m_LocalScale: {x: 0.99999976, y: 0.9999997, z: 1.0000004}
  m_Children: []
  m_Father: {fileID: 4489808762397864}
  m_RootOrder: 1
  m_LocalEulerAnglesHint: {x: 0, y: 0, z: 0}
--- !u!1 &1316347383701746
GameObject:
  m_ObjectHideFlags: 0
  m_CorrespondingSourceObject: {fileID: 0}
  m_PrefabInstance: {fileID: 0}
  m_PrefabAsset: {fileID: 0}
  serializedVersion: 6
  m_Component:
  - component: {fileID: 4488772064290520}
  m_Layer: 0
  m_Name: RightHandMiddle1
  m_TagString: Untagged
  m_Icon: {fileID: 0}
  m_NavMeshLayer: 0
  m_StaticEditorFlags: 0
  m_IsActive: 1
--- !u!4 &4488772064290520
Transform:
  m_ObjectHideFlags: 0
  m_CorrespondingSourceObject: {fileID: 0}
  m_PrefabInstance: {fileID: 0}
  m_PrefabAsset: {fileID: 0}
  m_GameObject: {fileID: 1316347383701746}
  m_LocalRotation: {x: 0.000774476, y: -0.01195396, z: 0.12962827, w: 0.9914903}
  m_LocalPosition: {x: -0.12065576, y: 0.011454436, z: -0.003380547}
  m_LocalScale: {x: 0.99999577, y: 1.0000038, z: 1.0000002}
  m_Children:
  - {fileID: 4631423955095520}
  m_Father: {fileID: 4288560906055378}
  m_RootOrder: 2
  m_LocalEulerAnglesHint: {x: 0, y: 0, z: 0}
--- !u!1 &1326283057955566
GameObject:
  m_ObjectHideFlags: 0
  m_CorrespondingSourceObject: {fileID: 0}
  m_PrefabInstance: {fileID: 0}
  m_PrefabAsset: {fileID: 0}
  serializedVersion: 6
  m_Component:
  - component: {fileID: 4901238661220968}
  m_Layer: 0
  m_Name: Chest
  m_TagString: Untagged
  m_Icon: {fileID: 0}
  m_NavMeshLayer: 0
  m_StaticEditorFlags: 0
  m_IsActive: 1
--- !u!4 &4901238661220968
Transform:
  m_ObjectHideFlags: 0
  m_CorrespondingSourceObject: {fileID: 0}
  m_PrefabInstance: {fileID: 0}
  m_PrefabAsset: {fileID: 0}
  m_GameObject: {fileID: 1326283057955566}
  m_LocalRotation: {x: -2.1465137e-10, y: 0.000000021725587, z: -0.030538516, w: 0.9995336}
  m_LocalPosition: {x: -0.2180803, y: 0, z: -7.8543964e-13}
  m_LocalScale: {x: 0.99999994, y: 0.99999994, z: 1}
  m_Children:
  - {fileID: 4589140260019946}
  - {fileID: 4851331033255660}
  - {fileID: 4975563039674010}
  m_Father: {fileID: 4485089383464674}
  m_RootOrder: 0
  m_LocalEulerAnglesHint: {x: 0, y: 0, z: 0}
--- !u!1 &1344142283307720
GameObject:
  m_ObjectHideFlags: 0
  m_CorrespondingSourceObject: {fileID: 0}
  m_PrefabInstance: {fileID: 0}
  m_PrefabAsset: {fileID: 0}
  serializedVersion: 6
  m_Component:
  - component: {fileID: 4688657310370072}
  m_Layer: 0
  m_Name: RightHandThumb2
  m_TagString: Untagged
  m_Icon: {fileID: 0}
  m_NavMeshLayer: 0
  m_StaticEditorFlags: 0
  m_IsActive: 1
--- !u!4 &4688657310370072
Transform:
  m_ObjectHideFlags: 0
  m_CorrespondingSourceObject: {fileID: 0}
  m_PrefabInstance: {fileID: 0}
  m_PrefabAsset: {fileID: 0}
  m_GameObject: {fileID: 1344142283307720}
  m_LocalRotation: {x: -0.07674263, y: 0.018490553, z: 0.010804601, w: 0.9968209}
  m_LocalPosition: {x: -0.0461545, y: 0.00000014533997, z: 0}
  m_LocalScale: {x: 0.99999684, y: 0.9999993, z: 1.0000037}
  m_Children:
  - {fileID: 4879627150026180}
  m_Father: {fileID: 4232718010331772}
  m_RootOrder: 0
  m_LocalEulerAnglesHint: {x: 0, y: 0, z: 0}
--- !u!1 &1369504252538390
GameObject:
  m_ObjectHideFlags: 0
  m_CorrespondingSourceObject: {fileID: 0}
  m_PrefabInstance: {fileID: 0}
  m_PrefabAsset: {fileID: 0}
  serializedVersion: 6
  m_Component:
  - component: {fileID: 4372866091008142}
  m_Layer: 0
  m_Name: LeftHandMiddle3
  m_TagString: Untagged
  m_Icon: {fileID: 0}
  m_NavMeshLayer: 0
  m_StaticEditorFlags: 0
  m_IsActive: 1
--- !u!4 &4372866091008142
Transform:
  m_ObjectHideFlags: 0
  m_CorrespondingSourceObject: {fileID: 0}
  m_PrefabInstance: {fileID: 0}
  m_PrefabAsset: {fileID: 0}
  m_GameObject: {fileID: 1369504252538390}
  m_LocalRotation: {x: -0.0104851825, y: 0.015341389, z: -0.0009561085, w: 0.9998269}
  m_LocalPosition: {x: -0.04242968, y: 0.00000019378662, z: -0.000000072669984}
  m_LocalScale: {x: 0.99999744, y: 1.0000024, z: 1}
  m_Children: []
  m_Father: {fileID: 4796090549402894}
  m_RootOrder: 0
  m_LocalEulerAnglesHint: {x: 0, y: 0, z: 0}
--- !u!1 &1390526044088610
GameObject:
  m_ObjectHideFlags: 0
  m_CorrespondingSourceObject: {fileID: 0}
  m_PrefabInstance: {fileID: 0}
  m_PrefabAsset: {fileID: 0}
  serializedVersion: 6
  m_Component:
  - component: {fileID: 4796090549402894}
  m_Layer: 0
  m_Name: LeftHandMiddle2
  m_TagString: Untagged
  m_Icon: {fileID: 0}
  m_NavMeshLayer: 0
  m_StaticEditorFlags: 0
  m_IsActive: 1
--- !u!4 &4796090549402894
Transform:
  m_ObjectHideFlags: 0
  m_CorrespondingSourceObject: {fileID: 0}
  m_PrefabInstance: {fileID: 0}
  m_PrefabAsset: {fileID: 0}
  m_GameObject: {fileID: 1390526044088610}
  m_LocalRotation: {x: -0.0028219037, y: 0.0036869443, z: 0.10826891, w: 0.9941108}
  m_LocalPosition: {x: -0.038134493, y: 0.00000019378662, z: -0.000000072669984}
  m_LocalScale: {x: 0.99999756, y: 1.0000024, z: 0.99999994}
  m_Children:
  - {fileID: 4372866091008142}
  m_Father: {fileID: 4226440321464386}
  m_RootOrder: 0
  m_LocalEulerAnglesHint: {x: 0, y: 0, z: 0}
--- !u!1 &1397800005489806
GameObject:
  m_ObjectHideFlags: 0
  m_CorrespondingSourceObject: {fileID: 0}
  m_PrefabInstance: {fileID: 0}
  m_PrefabAsset: {fileID: 0}
  serializedVersion: 6
  m_Component:
  - component: {fileID: 4477541656534692}
  m_Layer: 0
  m_Name: ExposeTransform002
  m_TagString: Untagged
  m_Icon: {fileID: 0}
  m_NavMeshLayer: 0
  m_StaticEditorFlags: 0
  m_IsActive: 1
--- !u!4 &4477541656534692
Transform:
  m_ObjectHideFlags: 0
  m_CorrespondingSourceObject: {fileID: 0}
  m_PrefabInstance: {fileID: 0}
  m_PrefabAsset: {fileID: 0}
  m_GameObject: {fileID: 1397800005489806}
  m_LocalRotation: {x: 0.00000013411051, y: 0.00000019371514, z: 0.000000007450556,
    w: 1}
  m_LocalPosition: {x: -0, y: 0.000000024223327, z: -0.00000019378662}
  m_LocalScale: {x: 1.0000004, y: 1, z: 0.99999934}
  m_Children: []
  m_Father: {fileID: 4489808762397864}
  m_RootOrder: 0
  m_LocalEulerAnglesHint: {x: 0, y: 0, z: 0}
--- !u!1 &1408191661671026
GameObject:
  m_ObjectHideFlags: 0
  m_CorrespondingSourceObject: {fileID: 0}
  m_PrefabInstance: {fileID: 0}
  m_PrefabAsset: {fileID: 0}
  serializedVersion: 6
  m_Component:
  - component: {fileID: 4717665737192768}
  m_Layer: 0
  m_Name: RightHandLittle3
  m_TagString: Untagged
  m_Icon: {fileID: 0}
  m_NavMeshLayer: 0
  m_StaticEditorFlags: 0
  m_IsActive: 1
--- !u!4 &4717665737192768
Transform:
  m_ObjectHideFlags: 0
  m_CorrespondingSourceObject: {fileID: 0}
  m_PrefabInstance: {fileID: 0}
  m_PrefabAsset: {fileID: 0}
  m_GameObject: {fileID: 1408191661671026}
  m_LocalRotation: {x: 0.009163675, y: 0.048863746, z: 0.00082158437, w: 0.9987631}
  m_LocalPosition: {x: -0.022170061, y: 0, z: 0.000000012111664}
  m_LocalScale: {x: 0.9999961, y: 1.000004, z: 1}
  m_Children: []
  m_Father: {fileID: 4825113465332428}
  m_RootOrder: 0
  m_LocalEulerAnglesHint: {x: 0, y: 0, z: 0}
--- !u!1 &1412293955158000
GameObject:
  m_ObjectHideFlags: 0
  m_CorrespondingSourceObject: {fileID: 0}
  m_PrefabInstance: {fileID: 0}
  m_PrefabAsset: {fileID: 0}
  serializedVersion: 6
  m_Component:
  - component: {fileID: 4216303069918010}
  m_Layer: 0
  m_Name: Point006
  m_TagString: Untagged
  m_Icon: {fileID: 0}
  m_NavMeshLayer: 0
  m_StaticEditorFlags: 0
  m_IsActive: 1
--- !u!4 &4216303069918010
Transform:
  m_ObjectHideFlags: 0
  m_CorrespondingSourceObject: {fileID: 0}
  m_PrefabInstance: {fileID: 0}
  m_PrefabAsset: {fileID: 0}
  m_GameObject: {fileID: 1412293955158000}
  m_LocalRotation: {x: -0.23627026, y: -0.00015383148, z: -0.00007466206, w: 0.9716874}
  m_LocalPosition: {x: -0.13501519, y: -0.0000029067992, z: 0.000014049529}
  m_LocalScale: {x: 0.99999994, y: 1.0000029, z: 0.9999969}
  m_Children: []
  m_Father: {fileID: 4224807740691122}
  m_RootOrder: 2
  m_LocalEulerAnglesHint: {x: 0, y: 0, z: 0}
--- !u!1 &1425568443940428
GameObject:
  m_ObjectHideFlags: 0
  m_CorrespondingSourceObject: {fileID: 0}
  m_PrefabInstance: {fileID: 0}
  m_PrefabAsset: {fileID: 0}
  serializedVersion: 6
  m_Component:
  - component: {fileID: 4720298267044654}
  m_Layer: 0
  m_Name: LeftHandLittle2
  m_TagString: Untagged
  m_Icon: {fileID: 0}
  m_NavMeshLayer: 0
  m_StaticEditorFlags: 0
  m_IsActive: 1
--- !u!4 &4720298267044654
Transform:
  m_ObjectHideFlags: 0
  m_CorrespondingSourceObject: {fileID: 0}
  m_PrefabInstance: {fileID: 0}
  m_PrefabAsset: {fileID: 0}
  m_GameObject: {fileID: 1425568443940428}
  m_LocalRotation: {x: -0.024260903, y: 0.005597678, z: 0.04615161, w: 0.9986241}
  m_LocalPosition: {x: -0.033535454, y: 0, z: 0.000000024223327}
  m_LocalScale: {x: 0.9999997, y: 1.0000011, z: 0.9999993}
  m_Children:
  - {fileID: 4601710389446478}
  m_Father: {fileID: 4941300476352794}
  m_RootOrder: 0
  m_LocalEulerAnglesHint: {x: 0, y: 0, z: 0}
--- !u!1 &1467385655780940
GameObject:
  m_ObjectHideFlags: 0
  m_CorrespondingSourceObject: {fileID: 0}
  m_PrefabInstance: {fileID: 0}
  m_PrefabAsset: {fileID: 0}
  serializedVersion: 6
  m_Component:
  - component: {fileID: 4921452704062902}
  m_Layer: 0
  m_Name: Head
  m_TagString: Untagged
  m_Icon: {fileID: 0}
  m_NavMeshLayer: 0
  m_StaticEditorFlags: 0
  m_IsActive: 1
--- !u!4 &4921452704062902
Transform:
  m_ObjectHideFlags: 0
  m_CorrespondingSourceObject: {fileID: 0}
  m_PrefabInstance: {fileID: 0}
  m_PrefabAsset: {fileID: 0}
  m_GameObject: {fileID: 1467385655780940}
  m_LocalRotation: {x: 0.0000024192238, y: -0.0000048728994, z: 0.2839383, w: 0.9588426}
  m_LocalPosition: {x: -0.113761075, y: -0.006113532, z: 0.000000034760415}
  m_LocalScale: {x: 0.9999999, y: 0.9999999, z: 1}
  m_Children: []
  m_Father: {fileID: 4851331033255660}
  m_RootOrder: 0
  m_LocalEulerAnglesHint: {x: 0, y: 0, z: 0}
--- !u!1 &1473374472175508
GameObject:
  m_ObjectHideFlags: 0
  m_CorrespondingSourceObject: {fileID: 0}
  m_PrefabInstance: {fileID: 0}
  m_PrefabAsset: {fileID: 0}
  serializedVersion: 6
  m_Component:
  - component: {fileID: 4735714420979880}
  m_Layer: 0
  m_Name: LeftArm
  m_TagString: Untagged
  m_Icon: {fileID: 0}
  m_NavMeshLayer: 0
  m_StaticEditorFlags: 0
  m_IsActive: 1
--- !u!4 &4735714420979880
Transform:
  m_ObjectHideFlags: 0
  m_CorrespondingSourceObject: {fileID: 0}
  m_PrefabInstance: {fileID: 0}
  m_PrefabAsset: {fileID: 0}
  m_GameObject: {fileID: 1473374472175508}
  m_LocalRotation: {x: 0.00987231, y: 0.33872485, z: 0.121154994, w: 0.93300027}
  m_LocalPosition: {x: -0.17022932, y: -0.000000012111664, z: 0.00000048446657}
  m_LocalScale: {x: 1.0000013, y: 1, z: 0.9999986}
  m_Children:
  - {fileID: 4489808762397864}
  m_Father: {fileID: 4589140260019946}
  m_RootOrder: 0
  m_LocalEulerAnglesHint: {x: 0, y: 0, z: 0}
--- !u!1 &1506364900479382
GameObject:
  m_ObjectHideFlags: 0
  m_CorrespondingSourceObject: {fileID: 0}
  m_PrefabInstance: {fileID: 0}
  m_PrefabAsset: {fileID: 0}
  serializedVersion: 6
  m_Component:
  - component: {fileID: 4431766636164766}
  m_Layer: 0
  m_Name: LeftForeArmTwist 1
  m_TagString: Untagged
  m_Icon: {fileID: 0}
  m_NavMeshLayer: 0
  m_StaticEditorFlags: 0
  m_IsActive: 1
--- !u!4 &4431766636164766
Transform:
  m_ObjectHideFlags: 0
  m_CorrespondingSourceObject: {fileID: 0}
  m_PrefabInstance: {fileID: 0}
  m_PrefabAsset: {fileID: 0}
  m_GameObject: {fileID: 1506364900479382}
  m_LocalRotation: {x: -0.0000023394814, y: 0.000002950431, z: -0.00000040977508,
    w: 1}
  m_LocalPosition: {x: -0.1500085, y: -0.000000072669984, z: 0.00000058135987}
  m_LocalScale: {x: 0.9999999, y: 0.9999999, z: 1.0000001}
  m_Children: []
  m_Father: {fileID: 4224807740691122}
  m_RootOrder: 1
  m_LocalEulerAnglesHint: {x: 0, y: 0, z: 0}
--- !u!1 &1515462979453314
GameObject:
  m_ObjectHideFlags: 0
  m_CorrespondingSourceObject: {fileID: 0}
  m_PrefabInstance: {fileID: 0}
  m_PrefabAsset: {fileID: 0}
  serializedVersion: 6
  m_Component:
  - component: {fileID: 4730587593491232}
  m_Layer: 0
  m_Name: LeftHandIndex3
  m_TagString: Untagged
  m_Icon: {fileID: 0}
  m_NavMeshLayer: 0
  m_StaticEditorFlags: 0
  m_IsActive: 1
--- !u!4 &4730587593491232
Transform:
  m_ObjectHideFlags: 0
  m_CorrespondingSourceObject: {fileID: 0}
  m_PrefabInstance: {fileID: 0}
  m_PrefabAsset: {fileID: 0}
  m_GameObject: {fileID: 1515462979453314}
  m_LocalRotation: {x: -0.0054008346, y: 0.06647271, z: 0.08523968, w: 0.99412596}
  m_LocalPosition: {x: -0.035623502, y: 0, z: -0.000000006055832}
  m_LocalScale: {x: 0.99999964, y: 1.0000007, z: 0.99999964}
  m_Children: []
  m_Father: {fileID: 4361712874804586}
  m_RootOrder: 0
  m_LocalEulerAnglesHint: {x: 0, y: 0, z: 0}
--- !u!1 &1520461869791526
GameObject:
  m_ObjectHideFlags: 0
  m_CorrespondingSourceObject: {fileID: 0}
  m_PrefabInstance: {fileID: 0}
  m_PrefabAsset: {fileID: 0}
  serializedVersion: 6
  m_Component:
  - component: {fileID: 4489808762397864}
  m_Layer: 0
  m_Name: LeftForeArm
  m_TagString: Untagged
  m_Icon: {fileID: 0}
  m_NavMeshLayer: 0
  m_StaticEditorFlags: 0
  m_IsActive: 1
--- !u!4 &4489808762397864
Transform:
  m_ObjectHideFlags: 0
  m_CorrespondingSourceObject: {fileID: 0}
  m_PrefabInstance: {fileID: 0}
  m_PrefabAsset: {fileID: 0}
  m_GameObject: {fileID: 1520461869791526}
  m_LocalRotation: {x: -0.023190126, y: -0.10659664, z: -0.33373797, w: 0.9363324}
  m_LocalPosition: {x: -0.3068854, y: 0.00000009689331, z: 0.00000019378662}
  m_LocalScale: {x: 0.9999998, y: 0.9999997, z: 1.0000004}
  m_Children:
  - {fileID: 4477541656534692}
  - {fileID: 4194809306377542}
  - {fileID: 4716481156535926}
  - {fileID: 4229755114501834}
  - {fileID: 4299359360031460}
  m_Father: {fileID: 4735714420979880}
  m_RootOrder: 0
  m_LocalEulerAnglesHint: {x: 0, y: 0, z: 0}
--- !u!1 &1525675936129768
GameObject:
  m_ObjectHideFlags: 0
  m_CorrespondingSourceObject: {fileID: 0}
  m_PrefabInstance: {fileID: 0}
  m_PrefabAsset: {fileID: 0}
  serializedVersion: 6
  m_Component:
  - component: {fileID: 4275206903948138}
  m_Layer: 0
  m_Name: Hips
  m_TagString: Untagged
  m_Icon: {fileID: 0}
  m_NavMeshLayer: 0
  m_StaticEditorFlags: 0
  m_IsActive: 1
--- !u!4 &4275206903948138
Transform:
  m_ObjectHideFlags: 0
  m_CorrespondingSourceObject: {fileID: 0}
  m_PrefabInstance: {fileID: 0}
  m_PrefabAsset: {fileID: 0}
  m_GameObject: {fileID: 1525675936129768}
  m_LocalRotation: {x: 1.1537296e-13, y: 2.8421712e-13, z: 2.2026825e-13, w: 1}
  m_LocalPosition: {x: -0.96896243, y: -0.038454667, z: 0.0000015200346}
  m_LocalScale: {x: 1, y: 1, z: 1}
  m_Children:
  - {fileID: 4370830866655258}
  - {fileID: 4134590387343340}
  - {fileID: 4485089383464674}
  m_Father: {fileID: 4046672011631020}
  m_RootOrder: 0
  m_LocalEulerAnglesHint: {x: 0, y: 0, z: 0}
--- !u!1 &1577682865567886
GameObject:
  m_ObjectHideFlags: 0
  m_CorrespondingSourceObject: {fileID: 0}
  m_PrefabInstance: {fileID: 0}
  m_PrefabAsset: {fileID: 0}
  serializedVersion: 6
  m_Component:
  - component: {fileID: 4941300476352794}
  m_Layer: 0
  m_Name: LeftHandLittle1
  m_TagString: Untagged
  m_Icon: {fileID: 0}
  m_NavMeshLayer: 0
  m_StaticEditorFlags: 0
  m_IsActive: 1
--- !u!4 &4941300476352794
Transform:
  m_ObjectHideFlags: 0
  m_CorrespondingSourceObject: {fileID: 0}
  m_PrefabInstance: {fileID: 0}
  m_PrefabAsset: {fileID: 0}
  m_GameObject: {fileID: 1577682865567886}
  m_LocalRotation: {x: -0.03917987, y: -0.053996943, z: 0.098723635, w: 0.9928761}
  m_LocalPosition: {x: -0.08840204, y: -0.0103288265, z: -0.047943402}
  m_LocalScale: {x: 0.99999946, y: 1.000001, z: 0.9999994}
  m_Children:
  - {fileID: 4720298267044654}
  m_Father: {fileID: 4716481156535926}
  m_RootOrder: 1
  m_LocalEulerAnglesHint: {x: 0, y: 0, z: 0}
--- !u!1 &1584937404393326
GameObject:
  m_ObjectHideFlags: 0
  m_CorrespondingSourceObject: {fileID: 0}
  m_PrefabInstance: {fileID: 0}
  m_PrefabAsset: {fileID: 0}
  serializedVersion: 6
  m_Component:
  - component: {fileID: 4542634097794526}
  m_Layer: 0
  m_Name: RightHandRing1
  m_TagString: Untagged
  m_Icon: {fileID: 0}
  m_NavMeshLayer: 0
  m_StaticEditorFlags: 0
  m_IsActive: 1
--- !u!4 &4542634097794526
Transform:
  m_ObjectHideFlags: 0
  m_CorrespondingSourceObject: {fileID: 0}
  m_PrefabInstance: {fileID: 0}
  m_PrefabAsset: {fileID: 0}
  m_GameObject: {fileID: 1584937404393326}
  m_LocalRotation: {x: 0.03471291, y: 0.078801975, z: 0.20320424, w: 0.9753427}
  m_LocalPosition: {x: -0.11533094, y: 0.011017641, z: 0.023807751}
  m_LocalScale: {x: 0.99999493, y: 1.0000051, z: 1}
  m_Children:
  - {fileID: 4296354113329940}
  m_Father: {fileID: 4288560906055378}
  m_RootOrder: 3
  m_LocalEulerAnglesHint: {x: 0, y: 0, z: 0}
--- !u!1 &1593450421998442
GameObject:
  m_ObjectHideFlags: 0
  m_CorrespondingSourceObject: {fileID: 0}
  m_PrefabInstance: {fileID: 0}
  m_PrefabAsset: {fileID: 0}
  serializedVersion: 6
  m_Component:
  - component: {fileID: 4046672011631020}
  m_Layer: 0
  m_Name: Root
  m_TagString: Untagged
  m_Icon: {fileID: 0}
  m_NavMeshLayer: 0
  m_StaticEditorFlags: 0
  m_IsActive: 1
--- !u!4 &4046672011631020
Transform:
  m_ObjectHideFlags: 0
  m_CorrespondingSourceObject: {fileID: 0}
  m_PrefabInstance: {fileID: 0}
  m_PrefabAsset: {fileID: 0}
  m_GameObject: {fileID: 1593450421998442}
  m_LocalRotation: {x: 0.5000008, y: -0.5000008, z: -0.49999928, w: 0.49999928}
  m_LocalPosition: {x: -0.00000002962447, y: -0.00000007101425, z: -0.00000002800228}
  m_LocalScale: {x: 1, y: 1, z: 1}
  m_Children:
  - {fileID: 4275206903948138}
  m_Father: {fileID: 4564901442687178}
  m_RootOrder: 3
  m_LocalEulerAnglesHint: {x: 0, y: 0, z: 0}
--- !u!1 &1616521551978280
GameObject:
  m_ObjectHideFlags: 0
  m_CorrespondingSourceObject: {fileID: 0}
  m_PrefabInstance: {fileID: 0}
  m_PrefabAsset: {fileID: 0}
  serializedVersion: 6
  m_Component:
  - component: {fileID: 4357803907096798}
  m_Layer: 0
  m_Name: LeftFoot
  m_TagString: Untagged
  m_Icon: {fileID: 0}
  m_NavMeshLayer: 0
  m_StaticEditorFlags: 0
  m_IsActive: 1
--- !u!4 &4357803907096798
Transform:
  m_ObjectHideFlags: 0
  m_CorrespondingSourceObject: {fileID: 0}
  m_PrefabInstance: {fileID: 0}
  m_PrefabAsset: {fileID: 0}
  m_GameObject: {fileID: 1616521551978280}
  m_LocalRotation: {x: -0.038718704, y: 0.037724275, z: -0.54151547, w: 0.83895105}
  m_LocalPosition: {x: -0.42335415, y: 0, z: 0}
  m_LocalScale: {x: 0.9999995, y: 1.0000007, z: 0.99999946}
  m_Children:
  - {fileID: 4340830383649018}
  m_Father: {fileID: 4371205545813776}
  m_RootOrder: 0
  m_LocalEulerAnglesHint: {x: 0, y: 0, z: 0}
--- !u!1 &1656633168561114
GameObject:
  m_ObjectHideFlags: 0
  m_CorrespondingSourceObject: {fileID: 0}
  m_PrefabInstance: {fileID: 0}
  m_PrefabAsset: {fileID: 0}
  serializedVersion: 6
  m_Component:
  - component: {fileID: 4564901442687178}
  - component: {fileID: 95309454259615258}
  m_Layer: 0
  m_Name: Balaclacva
  m_TagString: Untagged
  m_Icon: {fileID: 0}
  m_NavMeshLayer: 0
  m_StaticEditorFlags: 0
  m_IsActive: 1
--- !u!4 &4564901442687178
Transform:
  m_ObjectHideFlags: 0
  m_CorrespondingSourceObject: {fileID: 0}
  m_PrefabInstance: {fileID: 0}
  m_PrefabAsset: {fileID: 0}
  m_GameObject: {fileID: 1656633168561114}
  m_LocalRotation: {x: 0, y: 0, z: 0, w: 1}
  m_LocalPosition: {x: 0, y: 0, z: 0}
  m_LocalScale: {x: 1, y: 1, z: 1}
  m_Children:
  - {fileID: 4717444262952726}
  - {fileID: 4970942054305790}
  - {fileID: 4234051226064780}
  - {fileID: 4046672011631020}
  m_Father: {fileID: 0}
  m_RootOrder: 0
  m_LocalEulerAnglesHint: {x: 0, y: 0, z: 0}
--- !u!95 &95309454259615258
Animator:
  serializedVersion: 3
  m_ObjectHideFlags: 0
  m_CorrespondingSourceObject: {fileID: 0}
  m_PrefabInstance: {fileID: 0}
  m_PrefabAsset: {fileID: 0}
  m_GameObject: {fileID: 1656633168561114}
  m_Enabled: 1
  m_Avatar: {fileID: 9000000, guid: d1d1f6c39872b8d4ea995fbd67818613, type: 3}
  m_Controller: {fileID: 0}
  m_CullingMode: 1
  m_UpdateMode: 0
  m_ApplyRootMotion: 1
  m_LinearVelocityBlending: 0
  m_WarningMessage: 
  m_HasTransformHierarchy: 1
  m_AllowConstantClipSamplingOptimization: 1
  m_KeepAnimatorControllerStateOnDisable: 0
--- !u!1 &1672984284782360
GameObject:
  m_ObjectHideFlags: 0
  m_CorrespondingSourceObject: {fileID: 0}
  m_PrefabInstance: {fileID: 0}
  m_PrefabAsset: {fileID: 0}
  serializedVersion: 6
  m_Component:
  - component: {fileID: 4202119005753340}
  m_Layer: 0
  m_Name: LeftHandRing2
  m_TagString: Untagged
  m_Icon: {fileID: 0}
  m_NavMeshLayer: 0
  m_StaticEditorFlags: 0
  m_IsActive: 1
--- !u!4 &4202119005753340
Transform:
  m_ObjectHideFlags: 0
  m_CorrespondingSourceObject: {fileID: 0}
  m_PrefabInstance: {fileID: 0}
  m_PrefabAsset: {fileID: 0}
  m_GameObject: {fileID: 1672984284782360}
  m_LocalRotation: {x: 0.014326442, y: 0.0123661375, z: 0.13793649, w: 0.99026024}
  m_LocalPosition: {x: -0.040160242, y: 0, z: 0}
  m_LocalScale: {x: 0.99999934, y: 1.000001, z: 0.99999964}
  m_Children:
  - {fileID: 4862915732301568}
  m_Father: {fileID: 4714647033284330}
  m_RootOrder: 0
  m_LocalEulerAnglesHint: {x: 0, y: 0, z: 0}
--- !u!1 &1685863311373240
GameObject:
  m_ObjectHideFlags: 0
  m_CorrespondingSourceObject: {fileID: 0}
  m_PrefabInstance: {fileID: 0}
  m_PrefabAsset: {fileID: 0}
  serializedVersion: 6
  m_Component:
  - component: {fileID: 4631423955095520}
  m_Layer: 0
  m_Name: RightHandMiddle2
  m_TagString: Untagged
  m_Icon: {fileID: 0}
  m_NavMeshLayer: 0
  m_StaticEditorFlags: 0
  m_IsActive: 1
--- !u!4 &4631423955095520
Transform:
  m_ObjectHideFlags: 0
  m_CorrespondingSourceObject: {fileID: 0}
  m_PrefabInstance: {fileID: 0}
  m_PrefabAsset: {fileID: 0}
  m_GameObject: {fileID: 1685863311373240}
  m_LocalRotation: {x: -0.066857696, y: 0.04989855, z: 0.03549589, w: 0.9958816}
  m_LocalPosition: {x: -0.03266598, y: 0.00000009689331, z: -0.000000036334992}
  m_LocalScale: {x: 0.99999523, y: 1.0000035, z: 1.0000011}
  m_Children:
  - {fileID: 4545814932055954}
  m_Father: {fileID: 4488772064290520}
  m_RootOrder: 0
  m_LocalEulerAnglesHint: {x: 0, y: 0, z: 0}
--- !u!1 &1689475127335726
GameObject:
  m_ObjectHideFlags: 0
  m_CorrespondingSourceObject: {fileID: 0}
  m_PrefabInstance: {fileID: 0}
  m_PrefabAsset: {fileID: 0}
  serializedVersion: 6
  m_Component:
  - component: {fileID: 4473108827943608}
  m_Layer: 0
  m_Name: ExposeTransform003
  m_TagString: Untagged
  m_Icon: {fileID: 0}
  m_NavMeshLayer: 0
  m_StaticEditorFlags: 0
  m_IsActive: 1
--- !u!4 &4473108827943608
Transform:
  m_ObjectHideFlags: 0
  m_CorrespondingSourceObject: {fileID: 0}
  m_PrefabInstance: {fileID: 0}
  m_PrefabAsset: {fileID: 0}
  m_GameObject: {fileID: 1689475127335726}
  m_LocalRotation: {x: -0.0000018328434, y: 0.0000024139883, z: 0.0000000894114, w: 1}
  m_LocalPosition: {x: 0.00000014533997, y: 0.000000024223327, z: -0.00000009689331}
  m_LocalScale: {x: 0.9999994, y: 0.99999994, z: 1.0000006}
  m_Children: []
  m_Father: {fileID: 4224807740691122}
  m_RootOrder: 0
  m_LocalEulerAnglesHint: {x: 0, y: 0, z: 0}
--- !u!1 &1696035849521606
GameObject:
  m_ObjectHideFlags: 0
  m_CorrespondingSourceObject: {fileID: 0}
  m_PrefabInstance: {fileID: 0}
  m_PrefabAsset: {fileID: 0}
  serializedVersion: 6
  m_Component:
  - component: {fileID: 4601710389446478}
  m_Layer: 0
  m_Name: LeftHandLittle3
  m_TagString: Untagged
  m_Icon: {fileID: 0}
  m_NavMeshLayer: 0
  m_StaticEditorFlags: 0
  m_IsActive: 1
--- !u!4 &4601710389446478
Transform:
  m_ObjectHideFlags: 0
  m_CorrespondingSourceObject: {fileID: 0}
  m_PrefabInstance: {fileID: 0}
  m_PrefabAsset: {fileID: 0}
  m_GameObject: {fileID: 1696035849521606}
  m_LocalRotation: {x: 0.015110863, y: -0.047373097, z: 0.06577485, w: 0.9965948}
  m_LocalPosition: {x: -0.028174782, y: -0.00000009689331, z: -0.000000090837474}
  m_LocalScale: {x: 1.0000015, y: 0.99999994, z: 0.9999985}
  m_Children: []
  m_Father: {fileID: 4720298267044654}
  m_RootOrder: 0
  m_LocalEulerAnglesHint: {x: 0, y: 0, z: 0}
--- !u!1 &1721010655289950
GameObject:
  m_ObjectHideFlags: 0
  m_CorrespondingSourceObject: {fileID: 0}
  m_PrefabInstance: {fileID: 0}
  m_PrefabAsset: {fileID: 0}
  serializedVersion: 6
  m_Component:
  - component: {fileID: 4714647033284330}
  m_Layer: 0
  m_Name: LeftHandRing1
  m_TagString: Untagged
  m_Icon: {fileID: 0}
  m_NavMeshLayer: 0
  m_StaticEditorFlags: 0
  m_IsActive: 1
--- !u!4 &4714647033284330
Transform:
  m_ObjectHideFlags: 0
  m_CorrespondingSourceObject: {fileID: 0}
  m_PrefabInstance: {fileID: 0}
  m_PrefabAsset: {fileID: 0}
  m_GameObject: {fileID: 1721010655289950}
  m_LocalRotation: {x: -0.028518137, y: -0.04352979, z: 0.05458277, w: 0.99715227}
  m_LocalPosition: {x: -0.0975922, y: -0.0044623245, z: -0.022597628}
  m_LocalScale: {x: 0.9999996, y: 1.0000007, z: 0.9999995}
  m_Children:
  - {fileID: 4202119005753340}
  m_Father: {fileID: 4716481156535926}
  m_RootOrder: 3
  m_LocalEulerAnglesHint: {x: 0, y: 0, z: 0}
--- !u!1 &1728660884375834
GameObject:
  m_ObjectHideFlags: 0
  m_CorrespondingSourceObject: {fileID: 0}
  m_PrefabInstance: {fileID: 0}
  m_PrefabAsset: {fileID: 0}
  serializedVersion: 6
  m_Component:
  - component: {fileID: 4288560906055378}
  m_Layer: 0
  m_Name: RightHand
  m_TagString: Untagged
  m_Icon: {fileID: 0}
  m_NavMeshLayer: 0
  m_StaticEditorFlags: 0
  m_IsActive: 1
--- !u!4 &4288560906055378
Transform:
  m_ObjectHideFlags: 0
  m_CorrespondingSourceObject: {fileID: 0}
  m_PrefabInstance: {fileID: 0}
  m_PrefabAsset: {fileID: 0}
  m_GameObject: {fileID: 1728660884375834}
  m_LocalRotation: {x: 0.6752078, y: -0.03260662, z: 0.15921521, w: 0.71950114}
  m_LocalPosition: {x: -0.27173275, y: -0.000000048446655, z: 0.0000011627197}
  m_LocalScale: {x: 0.9999976, y: 1.000002, z: 1.0000004}
  m_Children:
  - {fileID: 4754760795762926}
  - {fileID: 4158430722029474}
  - {fileID: 4488772064290520}
  - {fileID: 4542634097794526}
  - {fileID: 4232718010331772}
  - {fileID: 4788599003020250}
  m_Father: {fileID: 4224807740691122}
  m_RootOrder: 4
  m_LocalEulerAnglesHint: {x: 0, y: 0, z: 0}
--- !u!1 &1735690006739072
GameObject:
  m_ObjectHideFlags: 0
  m_CorrespondingSourceObject: {fileID: 0}
  m_PrefabInstance: {fileID: 0}
  m_PrefabAsset: {fileID: 0}
  serializedVersion: 6
  m_Component:
  - component: {fileID: 4296354113329940}
  m_Layer: 0
  m_Name: RightHandRing2
  m_TagString: Untagged
  m_Icon: {fileID: 0}
  m_NavMeshLayer: 0
  m_StaticEditorFlags: 0
  m_IsActive: 1
--- !u!4 &4296354113329940
Transform:
  m_ObjectHideFlags: 0
  m_CorrespondingSourceObject: {fileID: 0}
  m_PrefabInstance: {fileID: 0}
  m_PrefabAsset: {fileID: 0}
  m_GameObject: {fileID: 1735690006739072}
  m_LocalRotation: {x: -0.027427394, y: -0.022872979, z: -0.004858565, w: 0.9993503}
  m_LocalPosition: {x: -0.028143099, y: 0.00000009689331, z: -0.000000024223327}
  m_LocalScale: {x: 0.99999505, y: 1.0000048, z: 1.0000002}
  m_Children:
  - {fileID: 4041375205733326}
  m_Father: {fileID: 4542634097794526}
  m_RootOrder: 0
  m_LocalEulerAnglesHint: {x: 0, y: 0, z: 0}
--- !u!1 &1797756928825864
GameObject:
  m_ObjectHideFlags: 0
  m_CorrespondingSourceObject: {fileID: 0}
  m_PrefabInstance: {fileID: 0}
  m_PrefabAsset: {fileID: 0}
  serializedVersion: 6
  m_Component:
  - component: {fileID: 4232718010331772}
  m_Layer: 0
  m_Name: RightHandThumb1
  m_TagString: Untagged
  m_Icon: {fileID: 0}
  m_NavMeshLayer: 0
  m_StaticEditorFlags: 0
  m_IsActive: 1
--- !u!4 &4232718010331772
Transform:
  m_ObjectHideFlags: 0
  m_CorrespondingSourceObject: {fileID: 0}
  m_PrefabInstance: {fileID: 0}
  m_PrefabAsset: {fileID: 0}
  m_GameObject: {fileID: 1797756928825864}
  m_LocalRotation: {x: -0.6311726, y: -0.2704875, z: 0.004673471, w: 0.7269359}
  m_LocalPosition: {x: -0.023247758, y: -0.02182551, z: -0.03765809}
  m_LocalScale: {x: 0.9999969, y: 0.9999982, z: 1.0000048}
  m_Children:
  - {fileID: 4688657310370072}
  m_Father: {fileID: 4288560906055378}
  m_RootOrder: 4
  m_LocalEulerAnglesHint: {x: 0, y: 0, z: 0}
--- !u!1 &1824387421643810
GameObject:
  m_ObjectHideFlags: 0
  m_CorrespondingSourceObject: {fileID: 0}
  m_PrefabInstance: {fileID: 0}
  m_PrefabAsset: {fileID: 0}
  serializedVersion: 6
  m_Component:
  - component: {fileID: 4041375205733326}
  m_Layer: 0
  m_Name: RightHandRing3
  m_TagString: Untagged
  m_Icon: {fileID: 0}
  m_NavMeshLayer: 0
  m_StaticEditorFlags: 0
  m_IsActive: 1
--- !u!4 &4041375205733326
Transform:
  m_ObjectHideFlags: 0
  m_CorrespondingSourceObject: {fileID: 0}
  m_PrefabInstance: {fileID: 0}
  m_PrefabAsset: {fileID: 0}
  m_GameObject: {fileID: 1824387421643810}
  m_LocalRotation: {x: 0.009264945, y: 0.0020661585, z: 0.080027804, w: 0.9967475}
  m_LocalPosition: {x: -0.03584733, y: 0, z: -0.000000024223327}
  m_LocalScale: {x: 0.9999948, y: 1.0000051, z: 1.0000001}
  m_Children: []
  m_Father: {fileID: 4296354113329940}
  m_RootOrder: 0
  m_LocalEulerAnglesHint: {x: 0, y: 0, z: 0}
--- !u!1 &1826094738311738
GameObject:
  m_ObjectHideFlags: 0
  m_CorrespondingSourceObject: {fileID: 0}
  m_PrefabInstance: {fileID: 0}
  m_PrefabAsset: {fileID: 0}
  serializedVersion: 6
  m_Component:
  - component: {fileID: 4880512031177848}
  m_Layer: 0
  m_Name: RightArm
  m_TagString: Untagged
  m_Icon: {fileID: 0}
  m_NavMeshLayer: 0
  m_StaticEditorFlags: 0
  m_IsActive: 1
--- !u!4 &4880512031177848
Transform:
  m_ObjectHideFlags: 0
  m_CorrespondingSourceObject: {fileID: 0}
  m_PrefabInstance: {fileID: 0}
  m_PrefabAsset: {fileID: 0}
  m_GameObject: {fileID: 1826094738311738}
  m_LocalRotation: {x: -0.017748643, y: -0.327811, z: 0.13856596, w: 0.93435776}
  m_LocalPosition: {x: -0.16826536, y: 0, z: 0}
  m_LocalScale: {x: 0.99999994, y: 1, z: 1}
  m_Children:
  - {fileID: 4224807740691122}
  m_Father: {fileID: 4975563039674010}
  m_RootOrder: 0
  m_LocalEulerAnglesHint: {x: 0, y: 0, z: 0}
--- !u!1 &1837079318764396
GameObject:
  m_ObjectHideFlags: 0
  m_CorrespondingSourceObject: {fileID: 0}
  m_PrefabInstance: {fileID: 0}
  m_PrefabAsset: {fileID: 0}
  serializedVersion: 6
  m_Component:
  - component: {fileID: 4134590387343340}
  m_Layer: 0
  m_Name: RightUpLeg
  m_TagString: Untagged
  m_Icon: {fileID: 0}
  m_NavMeshLayer: 0
  m_StaticEditorFlags: 0
  m_IsActive: 1
--- !u!4 &4134590387343340
Transform:
  m_ObjectHideFlags: 0
  m_CorrespondingSourceObject: {fileID: 0}
  m_PrefabInstance: {fileID: 0}
  m_PrefabAsset: {fileID: 0}
  m_GameObject: {fileID: 1837079318764396}
  m_LocalRotation: {x: -0.050240837, y: 0.9974791, z: -0.00055683503, w: -0.05011077}
  m_LocalPosition: {x: 0.00000009689331, y: 0.00000017561912, z: -0.09406086}
  m_LocalScale: {x: 0.99999994, y: 1, z: 1}
  m_Children:
  - {fileID: 4572867450098704}
  m_Father: {fileID: 4275206903948138}
  m_RootOrder: 1
  m_LocalEulerAnglesHint: {x: 0, y: 0, z: 0}
--- !u!1 &1844071287640534
GameObject:
  m_ObjectHideFlags: 0
  m_CorrespondingSourceObject: {fileID: 0}
  m_PrefabInstance: {fileID: 0}
  m_PrefabAsset: {fileID: 0}
  serializedVersion: 6
  m_Component:
  - component: {fileID: 4313784315720700}
  m_Layer: 0
  m_Name: RightHandIndex3
  m_TagString: Untagged
  m_Icon: {fileID: 0}
  m_NavMeshLayer: 0
  m_StaticEditorFlags: 0
  m_IsActive: 1
--- !u!4 &4313784315720700
Transform:
  m_ObjectHideFlags: 0
  m_CorrespondingSourceObject: {fileID: 0}
  m_PrefabInstance: {fileID: 0}
  m_PrefabAsset: {fileID: 0}
  m_GameObject: {fileID: 1844071287640534}
  m_LocalRotation: {x: -0.034441896, y: 0.031882085, z: 0.09431605, w: 0.9944354}
  m_LocalPosition: {x: -0.03469536, y: 0.00000009689331, z: -0.000000024223327}
  m_LocalScale: {x: 0.9999948, y: 1.0000039, z: 1.0000011}
  m_Children: []
  m_Father: {fileID: 4078651483022052}
  m_RootOrder: 0
  m_LocalEulerAnglesHint: {x: 0, y: 0, z: 0}
--- !u!1 &1863895389085194
GameObject:
  m_ObjectHideFlags: 0
  m_CorrespondingSourceObject: {fileID: 0}
  m_PrefabInstance: {fileID: 0}
  m_PrefabAsset: {fileID: 0}
  serializedVersion: 6
  m_Component:
  - component: {fileID: 4851331033255660}
  m_Layer: 0
  m_Name: Neck
  m_TagString: Untagged
  m_Icon: {fileID: 0}
  m_NavMeshLayer: 0
  m_StaticEditorFlags: 0
  m_IsActive: 1
--- !u!4 &4851331033255660
Transform:
  m_ObjectHideFlags: 0
  m_CorrespondingSourceObject: {fileID: 0}
  m_PrefabInstance: {fileID: 0}
  m_PrefabAsset: {fileID: 0}
  m_GameObject: {fileID: 1863895389085194}
  m_LocalRotation: {x: -0.0000019234692, y: 0.0000048634447, z: -0.250427, w: 0.9681355}
  m_LocalPosition: {x: -0.1377692, y: -0.0255842, z: -0.000000030257155}
  m_LocalScale: {x: 0.9999999, y: 0.9999999, z: 1}
  m_Children:
  - {fileID: 4921452704062902}
  m_Father: {fileID: 4901238661220968}
  m_RootOrder: 1
  m_LocalEulerAnglesHint: {x: 0, y: 0, z: 0}
--- !u!1 &1871066023641116
GameObject:
  m_ObjectHideFlags: 0
  m_CorrespondingSourceObject: {fileID: 0}
  m_PrefabInstance: {fileID: 0}
  m_PrefabAsset: {fileID: 0}
  serializedVersion: 6
  m_Component:
  - component: {fileID: 4589140260019946}
  m_Layer: 0
  m_Name: LeftShoulder
  m_TagString: Untagged
  m_Icon: {fileID: 0}
  m_NavMeshLayer: 0
  m_StaticEditorFlags: 0
  m_IsActive: 1
--- !u!4 &4589140260019946
Transform:
  m_ObjectHideFlags: 0
  m_CorrespondingSourceObject: {fileID: 0}
  m_PrefabInstance: {fileID: 0}
  m_PrefabAsset: {fileID: 0}
  m_GameObject: {fileID: 1871066023641116}
  m_LocalRotation: {x: -0.011521306, y: 0.78404397, z: -0.031093802, w: 0.6198189}
  m_LocalPosition: {x: -0.13595681, y: -0.010296488, z: 0.046551626}
  m_LocalScale: {x: 1, y: 0.9999999, z: 0.9999999}
  m_Children:
  - {fileID: 4735714420979880}
  m_Father: {fileID: 4901238661220968}
  m_RootOrder: 0
  m_LocalEulerAnglesHint: {x: 0, y: 0, z: 0}
--- !u!1 &1916413063321372
GameObject:
  m_ObjectHideFlags: 0
  m_CorrespondingSourceObject: {fileID: 0}
  m_PrefabInstance: {fileID: 0}
  m_PrefabAsset: {fileID: 0}
  serializedVersion: 6
  m_Component:
  - component: {fileID: 4545814932055954}
  m_Layer: 0
  m_Name: RightHandMiddle3
  m_TagString: Untagged
  m_Icon: {fileID: 0}
  m_NavMeshLayer: 0
  m_StaticEditorFlags: 0
  m_IsActive: 1
--- !u!4 &4545814932055954
Transform:
  m_ObjectHideFlags: 0
  m_CorrespondingSourceObject: {fileID: 0}
  m_PrefabInstance: {fileID: 0}
  m_PrefabAsset: {fileID: 0}
  m_GameObject: {fileID: 1916413063321372}
  m_LocalRotation: {x: 0.005011141, y: -0.015155597, z: 0.040909357, w: 0.99903536}
  m_LocalPosition: {x: -0.036752068, y: 0.00000019378662, z: -0.000000024223327}
  m_LocalScale: {x: 0.99999493, y: 1.0000039, z: 1.000001}
  m_Children: []
  m_Father: {fileID: 4631423955095520}
  m_RootOrder: 0
  m_LocalEulerAnglesHint: {x: 0, y: 0, z: 0}
--- !u!1 &1925590619426648
GameObject:
  m_ObjectHideFlags: 0
  m_CorrespondingSourceObject: {fileID: 0}
  m_PrefabInstance: {fileID: 0}
  m_PrefabAsset: {fileID: 0}
  serializedVersion: 6
  m_Component:
  - component: {fileID: 4754760795762926}
  m_Layer: 0
  m_Name: RightHandIndex1
  m_TagString: Untagged
  m_Icon: {fileID: 0}
  m_NavMeshLayer: 0
  m_StaticEditorFlags: 0
  m_IsActive: 1
--- !u!4 &4754760795762926
Transform:
  m_ObjectHideFlags: 0
  m_CorrespondingSourceObject: {fileID: 0}
  m_PrefabInstance: {fileID: 0}
  m_PrefabAsset: {fileID: 0}
  m_GameObject: {fileID: 1925590619426648}
  m_LocalRotation: {x: -0.020322211, y: 0.021962343, z: 0.12170534, w: 0.99211514}
  m_LocalPosition: {x: -0.117058165, y: 0.0017695625, z: -0.033712793}
  m_LocalScale: {x: 0.99999577, y: 1.0000036, z: 1.0000005}
  m_Children:
  - {fileID: 4078651483022052}
  m_Father: {fileID: 4288560906055378}
  m_RootOrder: 0
  m_LocalEulerAnglesHint: {x: 0, y: 0, z: 0}
--- !u!1 &1932341307478924
GameObject:
  m_ObjectHideFlags: 0
  m_CorrespondingSourceObject: {fileID: 0}
  m_PrefabInstance: {fileID: 0}
  m_PrefabAsset: {fileID: 0}
  serializedVersion: 6
  m_Component:
  - component: {fileID: 4361712874804586}
  m_Layer: 0
  m_Name: LeftHandIndex2
  m_TagString: Untagged
  m_Icon: {fileID: 0}
  m_NavMeshLayer: 0
  m_StaticEditorFlags: 0
  m_IsActive: 1
--- !u!4 &4361712874804586
Transform:
  m_ObjectHideFlags: 0
  m_CorrespondingSourceObject: {fileID: 0}
  m_PrefabInstance: {fileID: 0}
  m_PrefabAsset: {fileID: 0}
  m_GameObject: {fileID: 1932341307478924}
  m_LocalRotation: {x: -0.011775901, y: 0.023552299, z: 0.013986116, w: 0.9995554}
  m_LocalPosition: {x: -0.032915916, y: 0, z: 0.000000024223327}
  m_LocalScale: {x: 0.9999995, y: 1.0000006, z: 0.9999998}
  m_Children:
  - {fileID: 4730587593491232}
  m_Father: {fileID: 4765742617975146}
  m_RootOrder: 0
  m_LocalEulerAnglesHint: {x: 0, y: 0, z: 0}
--- !u!1 &1948791836811960
GameObject:
  m_ObjectHideFlags: 0
  m_CorrespondingSourceObject: {fileID: 0}
  m_PrefabInstance: {fileID: 0}
  m_PrefabAsset: {fileID: 0}
  serializedVersion: 6
  m_Component:
  - component: {fileID: 4117451505465620}
  m_Layer: 0
  m_Name: LeftHandThumb3
  m_TagString: Untagged
  m_Icon: {fileID: 0}
  m_NavMeshLayer: 0
  m_StaticEditorFlags: 0
  m_IsActive: 1
--- !u!4 &4117451505465620
Transform:
  m_ObjectHideFlags: 0
  m_CorrespondingSourceObject: {fileID: 0}
  m_PrefabInstance: {fileID: 0}
  m_PrefabAsset: {fileID: 0}
  m_GameObject: {fileID: 1948791836811960}
  m_LocalRotation: {x: 0.018283645, y: 0.03128157, z: -0.0104242, w: 0.99928904}
  m_LocalPosition: {x: -0.037063774, y: -0.000000024223327, z: -0.00000019378662}
  m_LocalScale: {x: 0.9999993, y: 0.9999997, z: 1.000001}
  m_Children: []
  m_Father: {fileID: 4492111965050642}
  m_RootOrder: 0
  m_LocalEulerAnglesHint: {x: 0, y: 0, z: 0}
--- !u!1 &1964898161349070
GameObject:
  m_ObjectHideFlags: 0
  m_CorrespondingSourceObject: {fileID: 0}
  m_PrefabInstance: {fileID: 0}
  m_PrefabAsset: {fileID: 0}
  serializedVersion: 6
  m_Component:
  - component: {fileID: 4057543896762622}
  m_Layer: 0
  m_Name: Point010
  m_TagString: Untagged
  m_Icon: {fileID: 0}
  m_NavMeshLayer: 0
  m_StaticEditorFlags: 0
  m_IsActive: 1
--- !u!4 &4057543896762622
Transform:
  m_ObjectHideFlags: 0
  m_CorrespondingSourceObject: {fileID: 0}
  m_PrefabInstance: {fileID: 0}
  m_PrefabAsset: {fileID: 0}
  m_GameObject: {fileID: 1964898161349070}
  m_LocalRotation: {x: 0.8468136, y: -0.025204394, z: -0.037943296, w: 0.52993566}
  m_LocalPosition: {x: 0.000004457092, y: -0.0000006298065, z: 0.000001259613}
  m_LocalScale: {x: 1.0000018, y: 0.9999982, z: 1.0000001}
  m_Children: []
  m_Father: {fileID: 4224807740691122}
  m_RootOrder: 3
  m_LocalEulerAnglesHint: {x: 0, y: 0, z: 0}
--- !u!1 &1995273445249970
GameObject:
  m_ObjectHideFlags: 0
  m_CorrespondingSourceObject: {fileID: 0}
  m_PrefabInstance: {fileID: 0}
  m_PrefabAsset: {fileID: 0}
  serializedVersion: 6
  m_Component:
  - component: {fileID: 4340830383649018}
  m_Layer: 0
  m_Name: LeftToeBase
  m_TagString: Untagged
  m_Icon: {fileID: 0}
  m_NavMeshLayer: 0
  m_StaticEditorFlags: 0
  m_IsActive: 1
--- !u!4 &4340830383649018
Transform:
  m_ObjectHideFlags: 0
  m_CorrespondingSourceObject: {fileID: 0}
  m_PrefabInstance: {fileID: 0}
  m_PrefabAsset: {fileID: 0}
  m_GameObject: {fileID: 1995273445249970}
  m_LocalRotation: {x: -0.00038103416, y: 0.0011566277, z: -0.3258228, w: 0.9454301}
  m_LocalPosition: {x: -0.1703359, y: -0.000000006055832, z: 0}
  m_LocalScale: {x: 1.0000006, y: 0.9999997, z: 1}
  m_Children: []
  m_Father: {fileID: 4357803907096798}
  m_RootOrder: 0
  m_LocalEulerAnglesHint: {x: 0, y: 0, z: 0}
