%YAML 1.1
%TAG !u! tag:unity3d.com,2011:
--- !u!1 &1035948099190892
GameObject:
  m_ObjectHideFlags: 0
  m_CorrespondingSourceObject: {fileID: 0}
  m_PrefabInstance: {fileID: 0}
  m_PrefabAsset: {fileID: 0}
  serializedVersion: 6
  m_Component:
  - component: {fileID: 4369009405392412}
  m_Layer: 0
  m_Name: LeftHand
  m_TagString: Untagged
  m_Icon: {fileID: 0}
  m_NavMeshLayer: 0
  m_StaticEditorFlags: 0
  m_IsActive: 1
--- !u!4 &4369009405392412
Transform:
  m_ObjectHideFlags: 0
  m_CorrespondingSourceObject: {fileID: 0}
  m_PrefabInstance: {fileID: 0}
  m_PrefabAsset: {fileID: 0}
  m_GameObject: {fileID: 1035948099190892}
  m_LocalRotation: {x: -0.6102124, y: 0.037040316, z: 0.10210393, w: 0.78475714}
  m_LocalPosition: {x: -0.26497987, y: 0.000000048446655, z: -0.00000009689331}
  m_LocalScale: {x: 0.9999997, y: 1.0000005, z: 0.99999976}
  m_Children:
  - {fileID: 4737392752568734}
  - {fileID: 4439524722453090}
  - {fileID: 4938704678901274}
  - {fileID: 4822903546613900}
  - {fileID: 4413494670182298}
  m_Father: {fileID: 4820701466118024}
  m_RootOrder: 2
  m_LocalEulerAnglesHint: {x: 0, y: 0, z: 0}
--- !u!1 &1046408791502010
GameObject:
  m_ObjectHideFlags: 0
  m_CorrespondingSourceObject: {fileID: 0}
  m_PrefabInstance: {fileID: 0}
  m_PrefabAsset: {fileID: 0}
  serializedVersion: 6
  m_Component:
  - component: {fileID: 4205296175082210}
  m_Layer: 0
  m_Name: WeaponHolder
  m_TagString: Untagged
  m_Icon: {fileID: 0}
  m_NavMeshLayer: 0
  m_StaticEditorFlags: 0
  m_IsActive: 1
--- !u!4 &4205296175082210
Transform:
  m_ObjectHideFlags: 0
  m_CorrespondingSourceObject: {fileID: 0}
  m_PrefabInstance: {fileID: 0}
  m_PrefabAsset: {fileID: 0}
  m_GameObject: {fileID: 1046408791502010}
  m_LocalRotation: {x: -0.44383633, y: -0.42367458, z: 0.54277724, w: 0.57349986}
  m_LocalPosition: {x: -0.08752571, y: -0.030075585, z: -0.00021839752}
  m_LocalScale: {x: 0.9999914, y: 1, z: 1.0000083}
  m_Children: []
  m_Father: {fileID: 4733894945411368}
  m_RootOrder: 5
  m_LocalEulerAnglesHint: {x: 0, y: 0, z: 0}
--- !u!1 &1055679809754440
GameObject:
  m_ObjectHideFlags: 0
  m_CorrespondingSourceObject: {fileID: 0}
  m_PrefabInstance: {fileID: 0}
  m_PrefabAsset: {fileID: 0}
  serializedVersion: 6
  m_Component:
  - component: {fileID: 4688933007033050}
  m_Layer: 0
  m_Name: LeftForeArmTwist 1
  m_TagString: Untagged
  m_Icon: {fileID: 0}
  m_NavMeshLayer: 0
  m_StaticEditorFlags: 0
  m_IsActive: 1
--- !u!4 &4688933007033050
Transform:
  m_ObjectHideFlags: 0
  m_CorrespondingSourceObject: {fileID: 0}
  m_PrefabInstance: {fileID: 0}
  m_PrefabAsset: {fileID: 0}
  m_GameObject: {fileID: 1055679809754440}
  m_LocalRotation: {x: -0.0000023394814, y: 0.000002950431, z: -0.00000040977508,
    w: 1}
  m_LocalPosition: {x: -0.1500085, y: -0.000000072669984, z: 0.00000058135987}
  m_LocalScale: {x: 0.9999999, y: 0.9999999, z: 1.0000001}
  m_Children: []
  m_Father: {fileID: 4880850382377612}
  m_RootOrder: 1
  m_LocalEulerAnglesHint: {x: 0, y: 0, z: 0}
--- !u!1 &1068957849905816
GameObject:
  m_ObjectHideFlags: 0
  m_CorrespondingSourceObject: {fileID: 0}
  m_PrefabInstance: {fileID: 0}
  m_PrefabAsset: {fileID: 0}
  serializedVersion: 6
  m_Component:
  - component: {fileID: 4613916608617854}
  m_Layer: 0
  m_Name: RightHandMiddle3
  m_TagString: Untagged
  m_Icon: {fileID: 0}
  m_NavMeshLayer: 0
  m_StaticEditorFlags: 0
  m_IsActive: 1
--- !u!4 &4613916608617854
Transform:
  m_ObjectHideFlags: 0
  m_CorrespondingSourceObject: {fileID: 0}
  m_PrefabInstance: {fileID: 0}
  m_PrefabAsset: {fileID: 0}
  m_GameObject: {fileID: 1068957849905816}
  m_LocalRotation: {x: 0.005011141, y: -0.015155597, z: 0.040909357, w: 0.99903536}
  m_LocalPosition: {x: -0.036752068, y: 0.00000019378662, z: -0.000000024223327}
  m_LocalScale: {x: 0.99999493, y: 1.0000039, z: 1.000001}
  m_Children: []
  m_Father: {fileID: 4485548751357274}
  m_RootOrder: 0
  m_LocalEulerAnglesHint: {x: 0, y: 0, z: 0}
--- !u!1 &1088691629388358
GameObject:
  m_ObjectHideFlags: 0
  m_CorrespondingSourceObject: {fileID: 0}
  m_PrefabInstance: {fileID: 0}
  m_PrefabAsset: {fileID: 0}
  serializedVersion: 6
  m_Component:
  - component: {fileID: 4773994629503644}
  m_Layer: 0
  m_Name: LeftHandRing3
  m_TagString: Untagged
  m_Icon: {fileID: 0}
  m_NavMeshLayer: 0
  m_StaticEditorFlags: 0
  m_IsActive: 1
--- !u!4 &4773994629503644
Transform:
  m_ObjectHideFlags: 0
  m_CorrespondingSourceObject: {fileID: 0}
  m_PrefabInstance: {fileID: 0}
  m_PrefabAsset: {fileID: 0}
  m_GameObject: {fileID: 1088691629388358}
  m_LocalRotation: {x: -0.013960256, y: 0.00031086293, z: 0.043505266, w: 0.9989556}
  m_LocalPosition: {x: -0.030260459, y: 0.00000009689331, z: -0.000000024223327}
  m_LocalScale: {x: 0.9999988, y: 1.0000015, z: 0.9999996}
  m_Children: []
  m_Father: {fileID: 4428008110581820}
  m_RootOrder: 0
  m_LocalEulerAnglesHint: {x: 0, y: 0, z: 0}
--- !u!1 &1090558768317054
GameObject:
  m_ObjectHideFlags: 0
  m_CorrespondingSourceObject: {fileID: 0}
  m_PrefabInstance: {fileID: 0}
  m_PrefabAsset: {fileID: 0}
  serializedVersion: 6
  m_Component:
  - component: {fileID: 4505665914814672}
  m_Layer: 0
  m_Name: Neck
  m_TagString: Untagged
  m_Icon: {fileID: 0}
  m_NavMeshLayer: 0
  m_StaticEditorFlags: 0
  m_IsActive: 1
--- !u!4 &4505665914814672
Transform:
  m_ObjectHideFlags: 0
  m_CorrespondingSourceObject: {fileID: 0}
  m_PrefabInstance: {fileID: 0}
  m_PrefabAsset: {fileID: 0}
  m_GameObject: {fileID: 1090558768317054}
  m_LocalRotation: {x: -0.0000019234692, y: 0.0000048634447, z: -0.250427, w: 0.9681355}
  m_LocalPosition: {x: -0.1377692, y: -0.0255842, z: -0.000000030257155}
  m_LocalScale: {x: 0.9999999, y: 0.9999999, z: 1}
  m_Children:
  - {fileID: 4750171835878024}
  m_Father: {fileID: 4795451468103862}
  m_RootOrder: 1
  m_LocalEulerAnglesHint: {x: 0, y: 0, z: 0}
--- !u!1 &1124892892982220
GameObject:
  m_ObjectHideFlags: 0
  m_CorrespondingSourceObject: {fileID: 0}
  m_PrefabInstance: {fileID: 0}
  m_PrefabAsset: {fileID: 0}
  serializedVersion: 6
  m_Component:
  - component: {fileID: 4638978849983506}
  - component: {fileID: 137673563770406656}
  m_Layer: 0
  m_Name: Balaclava_01
  m_TagString: Untagged
  m_Icon: {fileID: 0}
  m_NavMeshLayer: 0
  m_StaticEditorFlags: 0
  m_IsActive: 1
--- !u!4 &4638978849983506
Transform:
  m_ObjectHideFlags: 0
  m_CorrespondingSourceObject: {fileID: 0}
  m_PrefabInstance: {fileID: 0}
  m_PrefabAsset: {fileID: 0}
  m_GameObject: {fileID: 1124892892982220}
  m_LocalRotation: {x: -0.7071068, y: 0, z: -0, w: 0.7071068}
  m_LocalPosition: {x: -0, y: 0, z: 0}
  m_LocalScale: {x: 0.9721373, y: 0.9721373, z: 0.9721373}
  m_Children: []
  m_Father: {fileID: 4904961294225640}
  m_RootOrder: 2
  m_LocalEulerAnglesHint: {x: 0, y: 0, z: 0}
--- !u!137 &137673563770406656
SkinnedMeshRenderer:
  m_ObjectHideFlags: 0
  m_CorrespondingSourceObject: {fileID: 0}
  m_PrefabInstance: {fileID: 0}
  m_PrefabAsset: {fileID: 0}
  m_GameObject: {fileID: 1124892892982220}
  m_Enabled: 1
  m_CastShadows: 1
  m_ReceiveShadows: 1
  m_DynamicOccludee: 1
  m_MotionVectors: 1
  m_LightProbeUsage: 1
  m_ReflectionProbeUsage: 1
  m_RayTracingMode: 0
  m_RenderingLayerMask: 1
  m_RendererPriority: 0
  m_Materials:
  - {fileID: 2100000, guid: 9ff2ad0e5b9005b4087dd02a6c27a6ba, type: 2}
  m_StaticBatchInfo:
    firstSubMesh: 0
    subMeshCount: 0
  m_StaticBatchRoot: {fileID: 0}
  m_ProbeAnchor: {fileID: 0}
  m_LightProbeVolumeOverride: {fileID: 0}
  m_ScaleInLightmap: 1
  m_ReceiveGI: 1
  m_PreserveUVs: 0
  m_IgnoreNormalsForChartDetection: 0
  m_ImportantGI: 0
  m_StitchLightmapSeams: 1
  m_SelectedEditorRenderState: 3
  m_MinimumChartSize: 4
  m_AutoUVMaxDistance: 0.5
  m_AutoUVMaxAngle: 89
  m_LightmapParameters: {fileID: 0}
  m_SortingLayerID: 0
  m_SortingLayer: 0
  m_SortingOrder: 0
  serializedVersion: 2
  m_Quality: 0
  m_UpdateWhenOffscreen: 0
  m_SkinnedMotionVectors: 1
  m_Mesh: {fileID: 4300010, guid: 7c3e3884587751f4d8bcd74810e10040, type: 3}
  m_Bones:
  - {fileID: 4750171835878024}
  - {fileID: 4505665914814672}
  - {fileID: 4795451468103862}
  - {fileID: 4702378637742098}
  - {fileID: 4478950514600726}
  - {fileID: 4808382320969024}
  - {fileID: 4303169776356580}
  - {fileID: 4640003586263422}
  m_BlendShapeWeights: []
  m_RootBone: {fileID: 4478950514600726}
  m_AABB:
    m_Center: {x: -0.50963587, y: 0.028626256, z: 0.00818621}
    m_Extent: {x: 0.1860736, y: 0.14534938, z: 0.11905421}
  m_DirtyAABB: 0
--- !u!1 &1130028638280660
GameObject:
  m_ObjectHideFlags: 0
  m_CorrespondingSourceObject: {fileID: 0}
  m_PrefabInstance: {fileID: 0}
  m_PrefabAsset: {fileID: 0}
  serializedVersion: 6
  m_Component:
  - component: {fileID: 4987067146682644}
  m_Layer: 0
  m_Name: RightHandLittle3
  m_TagString: Untagged
  m_Icon: {fileID: 0}
  m_NavMeshLayer: 0
  m_StaticEditorFlags: 0
  m_IsActive: 1
--- !u!4 &4987067146682644
Transform:
  m_ObjectHideFlags: 0
  m_CorrespondingSourceObject: {fileID: 0}
  m_PrefabInstance: {fileID: 0}
  m_PrefabAsset: {fileID: 0}
  m_GameObject: {fileID: 1130028638280660}
  m_LocalRotation: {x: 0.009163675, y: 0.048863746, z: 0.00082158437, w: 0.9987631}
  m_LocalPosition: {x: -0.022170061, y: 0, z: 0.000000012111664}
  m_LocalScale: {x: 0.9999961, y: 1.000004, z: 1}
  m_Children: []
  m_Father: {fileID: 4728971071387556}
  m_RootOrder: 0
  m_LocalEulerAnglesHint: {x: 0, y: 0, z: 0}
--- !u!1 &1138225074376216
GameObject:
  m_ObjectHideFlags: 0
  m_CorrespondingSourceObject: {fileID: 0}
  m_PrefabInstance: {fileID: 0}
  m_PrefabAsset: {fileID: 0}
  serializedVersion: 6
  m_Component:
  - component: {fileID: 4028895229245880}
  m_Layer: 0
  m_Name: RightHandLittle1
  m_TagString: Untagged
  m_Icon: {fileID: 0}
  m_NavMeshLayer: 0
  m_StaticEditorFlags: 0
  m_IsActive: 1
--- !u!4 &4028895229245880
Transform:
  m_ObjectHideFlags: 0
  m_CorrespondingSourceObject: {fileID: 0}
  m_PrefabInstance: {fileID: 0}
  m_PrefabAsset: {fileID: 0}
  m_GameObject: {fileID: 1138225074376216}
  m_LocalRotation: {x: 0.027751455, y: 0.06466903, z: 0.16451237, w: 0.9838615}
  m_LocalPosition: {x: -0.10477548, y: 0.0069797095, z: 0.049375582}
  m_LocalScale: {x: 0.9999953, y: 1.0000046, z: 1}
  m_Children:
  - {fileID: 4728971071387556}
  m_Father: {fileID: 4733894945411368}
  m_RootOrder: 1
  m_LocalEulerAnglesHint: {x: 0, y: 0, z: 0}
--- !u!1 &1143165286598084
GameObject:
  m_ObjectHideFlags: 0
  m_CorrespondingSourceObject: {fileID: 0}
  m_PrefabInstance: {fileID: 0}
  m_PrefabAsset: {fileID: 0}
  serializedVersion: 6
  m_Component:
  - component: {fileID: 4020926262008870}
  m_Layer: 0
  m_Name: RightHandRing1
  m_TagString: Untagged
  m_Icon: {fileID: 0}
  m_NavMeshLayer: 0
  m_StaticEditorFlags: 0
  m_IsActive: 1
--- !u!4 &4020926262008870
Transform:
  m_ObjectHideFlags: 0
  m_CorrespondingSourceObject: {fileID: 0}
  m_PrefabInstance: {fileID: 0}
  m_PrefabAsset: {fileID: 0}
  m_GameObject: {fileID: 1143165286598084}
  m_LocalRotation: {x: 0.03471291, y: 0.078801975, z: 0.20320424, w: 0.9753427}
  m_LocalPosition: {x: -0.11533094, y: 0.011017641, z: 0.023807751}
  m_LocalScale: {x: 0.99999493, y: 1.0000051, z: 1}
  m_Children:
  - {fileID: 4742557521805244}
  m_Father: {fileID: 4733894945411368}
  m_RootOrder: 3
  m_LocalEulerAnglesHint: {x: 0, y: 0, z: 0}
--- !u!1 &1151550814401674
GameObject:
  m_ObjectHideFlags: 0
  m_CorrespondingSourceObject: {fileID: 0}
  m_PrefabInstance: {fileID: 0}
  m_PrefabAsset: {fileID: 0}
  serializedVersion: 6
  m_Component:
  - component: {fileID: 4660106880926106}
  m_Layer: 0
  m_Name: LeftUpLeg
  m_TagString: Untagged
  m_Icon: {fileID: 0}
  m_NavMeshLayer: 0
  m_StaticEditorFlags: 0
  m_IsActive: 1
--- !u!4 &4660106880926106
Transform:
  m_ObjectHideFlags: 0
  m_CorrespondingSourceObject: {fileID: 0}
  m_PrefabInstance: {fileID: 0}
  m_PrefabAsset: {fileID: 0}
  m_GameObject: {fileID: 1151550814401674}
  m_LocalRotation: {x: -0.052760884, y: 0.99745154, z: -0.00038060907, w: 0.048027452}
  m_LocalPosition: {x: 0.00000009689331, y: 0.00000017561912, z: 0.09406086}
  m_LocalScale: {x: 1, y: 1, z: 1}
  m_Children:
  - {fileID: 4338151559868380}
  m_Father: {fileID: 4373510977550326}
  m_RootOrder: 0
  m_LocalEulerAnglesHint: {x: 0, y: 0, z: 0}
--- !u!1 &1167428366045922
GameObject:
  m_ObjectHideFlags: 0
  m_CorrespondingSourceObject: {fileID: 0}
  m_PrefabInstance: {fileID: 0}
  m_PrefabAsset: {fileID: 0}
  serializedVersion: 6
  m_Component:
  - component: {fileID: 4303857687570472}
  m_Layer: 0
  m_Name: RightPlatform
  m_TagString: Untagged
  m_Icon: {fileID: 0}
  m_NavMeshLayer: 0
  m_StaticEditorFlags: 0
  m_IsActive: 1
--- !u!4 &4303857687570472
Transform:
  m_ObjectHideFlags: 0
  m_CorrespondingSourceObject: {fileID: 0}
  m_PrefabInstance: {fileID: 0}
  m_PrefabAsset: {fileID: 0}
  m_GameObject: {fileID: 1167428366045922}
  m_LocalRotation: {x: 0.47771448, y: -0.47771448, z: -0.52133375, w: 0.52133375}
  m_LocalPosition: {x: 0.17501634, y: -0.000000009824899, z: 0.013675469}
  m_LocalScale: {x: 1, y: 1, z: 1}
  m_Children: []
  m_Father: {fileID: 4904961294225640}
  m_RootOrder: 5
  m_LocalEulerAnglesHint: {x: 0, y: 0, z: 0}
--- !u!1 &1173776306043880
GameObject:
  m_ObjectHideFlags: 0
  m_CorrespondingSourceObject: {fileID: 0}
  m_PrefabInstance: {fileID: 0}
  m_PrefabAsset: {fileID: 0}
  serializedVersion: 6
  m_Component:
  - component: {fileID: 4938704678901274}
  m_Layer: 0
  m_Name: LeftHandMiddle1
  m_TagString: Untagged
  m_Icon: {fileID: 0}
  m_NavMeshLayer: 0
  m_StaticEditorFlags: 0
  m_IsActive: 1
--- !u!4 &4938704678901274
Transform:
  m_ObjectHideFlags: 0
  m_CorrespondingSourceObject: {fileID: 0}
  m_PrefabInstance: {fileID: 0}
  m_PrefabAsset: {fileID: 0}
  m_GameObject: {fileID: 1173776306043880}
  m_LocalRotation: {x: 0.023164943, y: -0.012667017, z: 0.07140545, w: 0.9970979}
  m_LocalPosition: {x: -0.101380266, y: 0.007346257, z: 0.003988189}
  m_LocalScale: {x: 0.9999996, y: 1.0000004, z: 0.9999998}
  m_Children:
  - {fileID: 4453997433000178}
  m_Father: {fileID: 4369009405392412}
  m_RootOrder: 2
  m_LocalEulerAnglesHint: {x: 0, y: 0, z: 0}
--- !u!1 &1175916764774826
GameObject:
  m_ObjectHideFlags: 0
  m_CorrespondingSourceObject: {fileID: 0}
  m_PrefabInstance: {fileID: 0}
  m_PrefabAsset: {fileID: 0}
  serializedVersion: 6
  m_Component:
  - component: {fileID: 4619329235747858}
  m_Layer: 0
  m_Name: LeftHandThumb2
  m_TagString: Untagged
  m_Icon: {fileID: 0}
  m_NavMeshLayer: 0
  m_StaticEditorFlags: 0
  m_IsActive: 1
--- !u!4 &4619329235747858
Transform:
  m_ObjectHideFlags: 0
  m_CorrespondingSourceObject: {fileID: 0}
  m_PrefabInstance: {fileID: 0}
  m_PrefabAsset: {fileID: 0}
  m_GameObject: {fileID: 1175916764774826}
  m_LocalRotation: {x: -0.0064305444, y: 0.00079965114, z: 0.062307812, w: 0.99803597}
  m_LocalPosition: {x: -0.047532417, y: -0.000000072669984, z: -0.00000019378662}
  m_LocalScale: {x: 1, y: 0.99999946, z: 1.0000004}
  m_Children:
  - {fileID: 4923067280909010}
  m_Father: {fileID: 4413494670182298}
  m_RootOrder: 0
  m_LocalEulerAnglesHint: {x: 0, y: 0, z: 0}
--- !u!1 &1179889524751070
GameObject:
  m_ObjectHideFlags: 0
  m_CorrespondingSourceObject: {fileID: 0}
  m_PrefabInstance: {fileID: 0}
  m_PrefabAsset: {fileID: 0}
  serializedVersion: 6
  m_Component:
  - component: {fileID: 4527137180603562}
  m_Layer: 0
  m_Name: ExposeTransform002
  m_TagString: Untagged
  m_Icon: {fileID: 0}
  m_NavMeshLayer: 0
  m_StaticEditorFlags: 0
  m_IsActive: 1
--- !u!4 &4527137180603562
Transform:
  m_ObjectHideFlags: 0
  m_CorrespondingSourceObject: {fileID: 0}
  m_PrefabInstance: {fileID: 0}
  m_PrefabAsset: {fileID: 0}
  m_GameObject: {fileID: 1179889524751070}
  m_LocalRotation: {x: 0.00000013411051, y: 0.00000019371514, z: 0.000000007450556,
    w: 1}
  m_LocalPosition: {x: -0, y: 0.000000024223327, z: -0.00000019378662}
  m_LocalScale: {x: 1.0000004, y: 1, z: 0.99999934}
  m_Children: []
  m_Father: {fileID: 4820701466118024}
  m_RootOrder: 0
  m_LocalEulerAnglesHint: {x: 0, y: 0, z: 0}
--- !u!1 &1182418424680870
GameObject:
  m_ObjectHideFlags: 0
  m_CorrespondingSourceObject: {fileID: 0}
  m_PrefabInstance: {fileID: 0}
  m_PrefabAsset: {fileID: 0}
  serializedVersion: 6
  m_Component:
  - component: {fileID: 4733894945411368}
  m_Layer: 0
  m_Name: RightHand
  m_TagString: Untagged
  m_Icon: {fileID: 0}
  m_NavMeshLayer: 0
  m_StaticEditorFlags: 0
  m_IsActive: 1
--- !u!4 &4733894945411368
Transform:
  m_ObjectHideFlags: 0
  m_CorrespondingSourceObject: {fileID: 0}
  m_PrefabInstance: {fileID: 0}
  m_PrefabAsset: {fileID: 0}
  m_GameObject: {fileID: 1182418424680870}
  m_LocalRotation: {x: 0.6752078, y: -0.03260662, z: 0.15921521, w: 0.71950114}
  m_LocalPosition: {x: -0.27173275, y: -0.000000048446655, z: 0.0000011627197}
  m_LocalScale: {x: 0.9999976, y: 1.000002, z: 1.0000004}
  m_Children:
  - {fileID: 4170728793966884}
  - {fileID: 4028895229245880}
  - {fileID: 4436302492472672}
  - {fileID: 4020926262008870}
  - {fileID: 4901700546302134}
  - {fileID: 4205296175082210}
  m_Father: {fileID: 4880850382377612}
  m_RootOrder: 4
  m_LocalEulerAnglesHint: {x: 0, y: 0, z: 0}
--- !u!1 &1205125161915878
GameObject:
  m_ObjectHideFlags: 0
  m_CorrespondingSourceObject: {fileID: 0}
  m_PrefabInstance: {fileID: 0}
  m_PrefabAsset: {fileID: 0}
  serializedVersion: 6
  m_Component:
  - component: {fileID: 4296343810705186}
  m_Layer: 0
  m_Name: Point006
  m_TagString: Untagged
  m_Icon: {fileID: 0}
  m_NavMeshLayer: 0
  m_StaticEditorFlags: 0
  m_IsActive: 1
--- !u!4 &4296343810705186
Transform:
  m_ObjectHideFlags: 0
  m_CorrespondingSourceObject: {fileID: 0}
  m_PrefabInstance: {fileID: 0}
  m_PrefabAsset: {fileID: 0}
  m_GameObject: {fileID: 1205125161915878}
  m_LocalRotation: {x: -0.23627026, y: -0.00015383148, z: -0.00007466206, w: 0.9716874}
  m_LocalPosition: {x: -0.13501519, y: -0.0000029067992, z: 0.000014049529}
  m_LocalScale: {x: 0.99999994, y: 1.0000029, z: 0.9999969}
  m_Children: []
  m_Father: {fileID: 4880850382377612}
  m_RootOrder: 2
  m_LocalEulerAnglesHint: {x: 0, y: 0, z: 0}
--- !u!1 &1209469471357490
GameObject:
  m_ObjectHideFlags: 0
  m_CorrespondingSourceObject: {fileID: 0}
  m_PrefabInstance: {fileID: 0}
  m_PrefabAsset: {fileID: 0}
  serializedVersion: 6
  m_Component:
  - component: {fileID: 4478950514600726}
  m_Layer: 0
  m_Name: Spine
  m_TagString: Untagged
  m_Icon: {fileID: 0}
  m_NavMeshLayer: 0
  m_StaticEditorFlags: 0
  m_IsActive: 1
--- !u!4 &4478950514600726
Transform:
  m_ObjectHideFlags: 0
  m_CorrespondingSourceObject: {fileID: 0}
  m_PrefabInstance: {fileID: 0}
  m_PrefabAsset: {fileID: 0}
  m_GameObject: {fileID: 1209469471357490}
  m_LocalRotation: {x: -0.0000020584173, y: 0.000000715824, z: 0.03055713, w: 0.999533}
  m_LocalPosition: {x: -0.19864476, y: -0.00010238898, z: 0.00000040836613}
  m_LocalScale: {x: 1, y: 1, z: 1}
  m_Children:
  - {fileID: 4795451468103862}
  m_Father: {fileID: 4373510977550326}
  m_RootOrder: 2
  m_LocalEulerAnglesHint: {x: 0, y: 0, z: 0}
--- !u!1 &1213882510114528
GameObject:
  m_ObjectHideFlags: 0
  m_CorrespondingSourceObject: {fileID: 0}
  m_PrefabInstance: {fileID: 0}
  m_PrefabAsset: {fileID: 0}
  serializedVersion: 6
  m_Component:
  - component: {fileID: 4298869794055050}
  m_Layer: 0
  m_Name: LeftHandIndex3
  m_TagString: Untagged
  m_Icon: {fileID: 0}
  m_NavMeshLayer: 0
  m_StaticEditorFlags: 0
  m_IsActive: 1
--- !u!4 &4298869794055050
Transform:
  m_ObjectHideFlags: 0
  m_CorrespondingSourceObject: {fileID: 0}
  m_PrefabInstance: {fileID: 0}
  m_PrefabAsset: {fileID: 0}
  m_GameObject: {fileID: 1213882510114528}
  m_LocalRotation: {x: -0.0054008346, y: 0.06647271, z: 0.08523968, w: 0.99412596}
  m_LocalPosition: {x: -0.035623502, y: 0, z: -0.000000006055832}
  m_LocalScale: {x: 0.99999964, y: 1.0000007, z: 0.99999964}
  m_Children: []
  m_Father: {fileID: 4174386064315922}
  m_RootOrder: 0
  m_LocalEulerAnglesHint: {x: 0, y: 0, z: 0}
--- !u!1 &1214931091007354
GameObject:
  m_ObjectHideFlags: 0
  m_CorrespondingSourceObject: {fileID: 0}
  m_PrefabInstance: {fileID: 0}
  m_PrefabAsset: {fileID: 0}
  serializedVersion: 6
  m_Component:
  - component: {fileID: 4373510977550326}
  m_Layer: 0
  m_Name: Hips
  m_TagString: Untagged
  m_Icon: {fileID: 0}
  m_NavMeshLayer: 0
  m_StaticEditorFlags: 0
  m_IsActive: 1
--- !u!4 &4373510977550326
Transform:
  m_ObjectHideFlags: 0
  m_CorrespondingSourceObject: {fileID: 0}
  m_PrefabInstance: {fileID: 0}
  m_PrefabAsset: {fileID: 0}
  m_GameObject: {fileID: 1214931091007354}
  m_LocalRotation: {x: 1.1537296e-13, y: 2.8421712e-13, z: 2.2026825e-13, w: 1}
  m_LocalPosition: {x: -0.96896243, y: -0.038454667, z: 0.0000015200346}
  m_LocalScale: {x: 1, y: 1, z: 1}
  m_Children:
  - {fileID: 4660106880926106}
  - {fileID: 4789672714227984}
  - {fileID: 4478950514600726}
  m_Father: {fileID: 4580719434059422}
  m_RootOrder: 0
  m_LocalEulerAnglesHint: {x: 0, y: 0, z: 0}
--- !u!1 &1236837736151110
GameObject:
  m_ObjectHideFlags: 0
  m_CorrespondingSourceObject: {fileID: 0}
  m_PrefabInstance: {fileID: 0}
  m_PrefabAsset: {fileID: 0}
  serializedVersion: 6
  m_Component:
  - component: {fileID: 4558581175354338}
  m_Layer: 0
  m_Name: RightHandIndex3
  m_TagString: Untagged
  m_Icon: {fileID: 0}
  m_NavMeshLayer: 0
  m_StaticEditorFlags: 0
  m_IsActive: 1
--- !u!4 &4558581175354338
Transform:
  m_ObjectHideFlags: 0
  m_CorrespondingSourceObject: {fileID: 0}
  m_PrefabInstance: {fileID: 0}
  m_PrefabAsset: {fileID: 0}
  m_GameObject: {fileID: 1236837736151110}
  m_LocalRotation: {x: -0.034441896, y: 0.031882085, z: 0.09431605, w: 0.9944354}
  m_LocalPosition: {x: -0.03469536, y: 0.00000009689331, z: -0.000000024223327}
  m_LocalScale: {x: 0.9999948, y: 1.0000039, z: 1.0000011}
  m_Children: []
  m_Father: {fileID: 4113287661751262}
  m_RootOrder: 0
  m_LocalEulerAnglesHint: {x: 0, y: 0, z: 0}
--- !u!1 &1253297042808766
GameObject:
  m_ObjectHideFlags: 0
  m_CorrespondingSourceObject: {fileID: 0}
  m_PrefabInstance: {fileID: 0}
  m_PrefabAsset: {fileID: 0}
  serializedVersion: 6
  m_Component:
  - component: {fileID: 4485548751357274}
  m_Layer: 0
  m_Name: RightHandMiddle2
  m_TagString: Untagged
  m_Icon: {fileID: 0}
  m_NavMeshLayer: 0
  m_StaticEditorFlags: 0
  m_IsActive: 1
--- !u!4 &4485548751357274
Transform:
  m_ObjectHideFlags: 0
  m_CorrespondingSourceObject: {fileID: 0}
  m_PrefabInstance: {fileID: 0}
  m_PrefabAsset: {fileID: 0}
  m_GameObject: {fileID: 1253297042808766}
  m_LocalRotation: {x: -0.066857696, y: 0.04989855, z: 0.03549589, w: 0.9958816}
  m_LocalPosition: {x: -0.03266598, y: 0.00000009689331, z: -0.000000036334992}
  m_LocalScale: {x: 0.99999523, y: 1.0000035, z: 1.0000011}
  m_Children:
  - {fileID: 4613916608617854}
  m_Father: {fileID: 4436302492472672}
  m_RootOrder: 0
  m_LocalEulerAnglesHint: {x: 0, y: 0, z: 0}
--- !u!1 &1302788546413628
GameObject:
  m_ObjectHideFlags: 0
  m_CorrespondingSourceObject: {fileID: 0}
  m_PrefabInstance: {fileID: 0}
  m_PrefabAsset: {fileID: 0}
  serializedVersion: 6
  m_Component:
  - component: {fileID: 4779307423821950}
  m_Layer: 0
  m_Name: LeftHandLittle2
  m_TagString: Untagged
  m_Icon: {fileID: 0}
  m_NavMeshLayer: 0
  m_StaticEditorFlags: 0
  m_IsActive: 1
--- !u!4 &4779307423821950
Transform:
  m_ObjectHideFlags: 0
  m_CorrespondingSourceObject: {fileID: 0}
  m_PrefabInstance: {fileID: 0}
  m_PrefabAsset: {fileID: 0}
  m_GameObject: {fileID: 1302788546413628}
  m_LocalRotation: {x: -0.024260903, y: 0.005597678, z: 0.04615161, w: 0.9986241}
  m_LocalPosition: {x: -0.033535454, y: 0, z: 0.000000024223327}
  m_LocalScale: {x: 0.9999997, y: 1.0000011, z: 0.9999993}
  m_Children:
  - {fileID: 4593101749789938}
  m_Father: {fileID: 4439524722453090}
  m_RootOrder: 0
  m_LocalEulerAnglesHint: {x: 0, y: 0, z: 0}
--- !u!1 &1311433269113794
GameObject:
  m_ObjectHideFlags: 0
  m_CorrespondingSourceObject: {fileID: 0}
  m_PrefabInstance: {fileID: 0}
  m_PrefabAsset: {fileID: 0}
  serializedVersion: 6
  m_Component:
  - component: {fileID: 4820701466118024}
  m_Layer: 0
  m_Name: LeftForeArm
  m_TagString: Untagged
  m_Icon: {fileID: 0}
  m_NavMeshLayer: 0
  m_StaticEditorFlags: 0
  m_IsActive: 1
--- !u!4 &4820701466118024
Transform:
  m_ObjectHideFlags: 0
  m_CorrespondingSourceObject: {fileID: 0}
  m_PrefabInstance: {fileID: 0}
  m_PrefabAsset: {fileID: 0}
  m_GameObject: {fileID: 1311433269113794}
  m_LocalRotation: {x: -0.023190126, y: -0.10659664, z: -0.33373797, w: 0.9363324}
  m_LocalPosition: {x: -0.3068854, y: 0.00000009689331, z: 0.00000019378662}
  m_LocalScale: {x: 0.9999998, y: 0.9999997, z: 1.0000004}
  m_Children:
  - {fileID: 4527137180603562}
  - {fileID: 4850666170733954}
  - {fileID: 4369009405392412}
  - {fileID: 4425131582887966}
  - {fileID: 4665453512019710}
  m_Father: {fileID: 4808382320969024}
  m_RootOrder: 0
  m_LocalEulerAnglesHint: {x: 0, y: 0, z: 0}
--- !u!1 &1371315090397250
GameObject:
  m_ObjectHideFlags: 0
  m_CorrespondingSourceObject: {fileID: 0}
  m_PrefabInstance: {fileID: 0}
  m_PrefabAsset: {fileID: 0}
  serializedVersion: 6
  m_Component:
  - component: {fileID: 4413494670182298}
  m_Layer: 0
  m_Name: LeftHandThumb1
  m_TagString: Untagged
  m_Icon: {fileID: 0}
  m_NavMeshLayer: 0
  m_StaticEditorFlags: 0
  m_IsActive: 1
--- !u!4 &4413494670182298
Transform:
  m_ObjectHideFlags: 0
  m_CorrespondingSourceObject: {fileID: 0}
  m_PrefabInstance: {fileID: 0}
  m_PrefabAsset: {fileID: 0}
  m_GameObject: {fileID: 1371315090397250}
  m_LocalRotation: {x: 0.68441886, y: 0.24756917, z: -0.15230045, w: 0.6686441}
  m_LocalPosition: {x: -0.008945578, y: -0.024356943, z: 0.029056633}
  m_LocalScale: {x: 0.9999998, y: 0.99999976, z: 1.0000004}
  m_Children:
  - {fileID: 4619329235747858}
  m_Father: {fileID: 4369009405392412}
  m_RootOrder: 4
  m_LocalEulerAnglesHint: {x: 0, y: 0, z: 0}
--- !u!1 &1379759262193606
GameObject:
  m_ObjectHideFlags: 0
  m_CorrespondingSourceObject: {fileID: 0}
  m_PrefabInstance: {fileID: 0}
  m_PrefabAsset: {fileID: 0}
  serializedVersion: 6
  m_Component:
  - component: {fileID: 4850666170733954}
  m_Layer: 0
  m_Name: LeftForeArmTwist
  m_TagString: Untagged
  m_Icon: {fileID: 0}
  m_NavMeshLayer: 0
  m_StaticEditorFlags: 0
  m_IsActive: 1
--- !u!4 &4850666170733954
Transform:
  m_ObjectHideFlags: 0
  m_CorrespondingSourceObject: {fileID: 0}
  m_PrefabInstance: {fileID: 0}
  m_PrefabAsset: {fileID: 0}
  m_GameObject: {fileID: 1379759262193606}
  m_LocalRotation: {x: 0.00000049173786, y: -0.0000009387737, z: -0.00000063329907,
    w: 1}
  m_LocalPosition: {x: -0.14325559, y: -0.000000024223327, z: 0.00000009689331}
  m_LocalScale: {x: 0.99999976, y: 0.9999997, z: 1.0000004}
  m_Children: []
  m_Father: {fileID: 4820701466118024}
  m_RootOrder: 1
  m_LocalEulerAnglesHint: {x: 0, y: 0, z: 0}
--- !u!1 &1383053499882126
GameObject:
  m_ObjectHideFlags: 0
  m_CorrespondingSourceObject: {fileID: 0}
  m_PrefabInstance: {fileID: 0}
  m_PrefabAsset: {fileID: 0}
  serializedVersion: 6
  m_Component:
  - component: {fileID: 4901700546302134}
  m_Layer: 0
  m_Name: RightHandThumb1
  m_TagString: Untagged
  m_Icon: {fileID: 0}
  m_NavMeshLayer: 0
  m_StaticEditorFlags: 0
  m_IsActive: 1
--- !u!4 &4901700546302134
Transform:
  m_ObjectHideFlags: 0
  m_CorrespondingSourceObject: {fileID: 0}
  m_PrefabInstance: {fileID: 0}
  m_PrefabAsset: {fileID: 0}
  m_GameObject: {fileID: 1383053499882126}
  m_LocalRotation: {x: -0.6311726, y: -0.2704875, z: 0.004673471, w: 0.7269359}
  m_LocalPosition: {x: -0.023247758, y: -0.02182551, z: -0.03765809}
  m_LocalScale: {x: 0.9999969, y: 0.9999982, z: 1.0000048}
  m_Children:
  - {fileID: 4118141652446042}
  m_Father: {fileID: 4733894945411368}
  m_RootOrder: 4
  m_LocalEulerAnglesHint: {x: 0, y: 0, z: 0}
--- !u!1 &1383945565430024
GameObject:
  m_ObjectHideFlags: 0
  m_CorrespondingSourceObject: {fileID: 0}
  m_PrefabInstance: {fileID: 0}
  m_PrefabAsset: {fileID: 0}
  serializedVersion: 6
  m_Component:
  - component: {fileID: 4795451468103862}
  m_Layer: 0
  m_Name: Chest
  m_TagString: Untagged
  m_Icon: {fileID: 0}
  m_NavMeshLayer: 0
  m_StaticEditorFlags: 0
  m_IsActive: 1
--- !u!4 &4795451468103862
Transform:
  m_ObjectHideFlags: 0
  m_CorrespondingSourceObject: {fileID: 0}
  m_PrefabInstance: {fileID: 0}
  m_PrefabAsset: {fileID: 0}
  m_GameObject: {fileID: 1383945565430024}
  m_LocalRotation: {x: -2.1465137e-10, y: 0.000000021725587, z: -0.030538516, w: 0.9995336}
  m_LocalPosition: {x: -0.2180803, y: 0, z: -7.8543964e-13}
  m_LocalScale: {x: 0.99999994, y: 0.99999994, z: 1}
  m_Children:
  - {fileID: 4702378637742098}
  - {fileID: 4505665914814672}
  - {fileID: 4303169776356580}
  m_Father: {fileID: 4478950514600726}
  m_RootOrder: 0
  m_LocalEulerAnglesHint: {x: 0, y: 0, z: 0}
--- !u!1 &1413566546133100
GameObject:
  m_ObjectHideFlags: 0
  m_CorrespondingSourceObject: {fileID: 0}
  m_PrefabInstance: {fileID: 0}
  m_PrefabAsset: {fileID: 0}
  serializedVersion: 6
  m_Component:
  - component: {fileID: 4904961294225640}
  - component: {fileID: 95566527587252134}
  m_Layer: 0
  m_Name: F_Soldier_3_b
  m_TagString: Untagged
  m_Icon: {fileID: 0}
  m_NavMeshLayer: 0
  m_StaticEditorFlags: 0
  m_IsActive: 1
--- !u!4 &4904961294225640
Transform:
  m_ObjectHideFlags: 0
  m_CorrespondingSourceObject: {fileID: 0}
  m_PrefabInstance: {fileID: 0}
  m_PrefabAsset: {fileID: 0}
  m_GameObject: {fileID: 1413566546133100}
  m_LocalRotation: {x: 0, y: 0, z: 0, w: 1}
  m_LocalPosition: {x: 0, y: 0, z: 0}
  m_LocalScale: {x: 1, y: 1, z: 1}
  m_Children:
  - {fileID: 4677882298258822}
  - {fileID: 4517530277866114}
  - {fileID: 4638978849983506}
  - {fileID: 4744698718083788}
  - {fileID: 4991237872534886}
  - {fileID: 4303857687570472}
  - {fileID: 4580719434059422}
  m_Father: {fileID: 0}
  m_RootOrder: 0
  m_LocalEulerAnglesHint: {x: 0, y: 0, z: 0}
--- !u!95 &95566527587252134
Animator:
  serializedVersion: 3
  m_ObjectHideFlags: 0
  m_CorrespondingSourceObject: {fileID: 0}
  m_PrefabInstance: {fileID: 0}
  m_PrefabAsset: {fileID: 0}
  m_GameObject: {fileID: 1413566546133100}
  m_Enabled: 1
  m_Avatar: {fileID: 9000000, guid: 7c3e3884587751f4d8bcd74810e10040, type: 3}
  m_Controller: {fileID: 0}
  m_CullingMode: 1
  m_UpdateMode: 0
  m_ApplyRootMotion: 1
  m_LinearVelocityBlending: 0
  m_WarningMessage: 
  m_HasTransformHierarchy: 1
  m_AllowConstantClipSamplingOptimization: 1
  m_KeepAnimatorControllerStateOnDisable: 0
--- !u!1 &1429547983722710
GameObject:
  m_ObjectHideFlags: 0
  m_CorrespondingSourceObject: {fileID: 0}
  m_PrefabInstance: {fileID: 0}
  m_PrefabAsset: {fileID: 0}
  serializedVersion: 6
  m_Component:
  - component: {fileID: 4303169776356580}
  m_Layer: 0
  m_Name: RightShoulder
  m_TagString: Untagged
  m_Icon: {fileID: 0}
  m_NavMeshLayer: 0
  m_StaticEditorFlags: 0
  m_IsActive: 1
--- !u!4 &4303169776356580
Transform:
  m_ObjectHideFlags: 0
  m_CorrespondingSourceObject: {fileID: 0}
  m_PrefabInstance: {fileID: 0}
  m_PrefabAsset: {fileID: 0}
  m_GameObject: {fileID: 1429547983722710}
  m_LocalRotation: {x: 0.011190185, y: -0.78946584, z: -0.032275878, w: 0.6128433}
  m_LocalPosition: {x: -0.13595681, y: -0.010296488, z: -0.046551626}
  m_LocalScale: {x: 1, y: 0.9999999, z: 0.99999994}
  m_Children:
  - {fileID: 4640003586263422}
  m_Father: {fileID: 4795451468103862}
  m_RootOrder: 2
  m_LocalEulerAnglesHint: {x: 0, y: 0, z: 0}
--- !u!1 &1433541085262322
GameObject:
  m_ObjectHideFlags: 0
  m_CorrespondingSourceObject: {fileID: 0}
  m_PrefabInstance: {fileID: 0}
  m_PrefabAsset: {fileID: 0}
  serializedVersion: 6
  m_Component:
  - component: {fileID: 4064187410682858}
  m_Layer: 0
  m_Name: ExposeTransform003
  m_TagString: Untagged
  m_Icon: {fileID: 0}
  m_NavMeshLayer: 0
  m_StaticEditorFlags: 0
  m_IsActive: 1
--- !u!4 &4064187410682858
Transform:
  m_ObjectHideFlags: 0
  m_CorrespondingSourceObject: {fileID: 0}
  m_PrefabInstance: {fileID: 0}
  m_PrefabAsset: {fileID: 0}
  m_GameObject: {fileID: 1433541085262322}
  m_LocalRotation: {x: -0.0000018328434, y: 0.0000024139883, z: 0.0000000894114, w: 1}
  m_LocalPosition: {x: 0.00000014533997, y: 0.000000024223327, z: -0.00000009689331}
  m_LocalScale: {x: 0.9999994, y: 0.99999994, z: 1.0000006}
  m_Children: []
  m_Father: {fileID: 4880850382377612}
  m_RootOrder: 0
  m_LocalEulerAnglesHint: {x: 0, y: 0, z: 0}
--- !u!1 &1460654670022362
GameObject:
  m_ObjectHideFlags: 0
  m_CorrespondingSourceObject: {fileID: 0}
  m_PrefabInstance: {fileID: 0}
  m_PrefabAsset: {fileID: 0}
  serializedVersion: 6
  m_Component:
  - component: {fileID: 4742557521805244}
  m_Layer: 0
  m_Name: RightHandRing2
  m_TagString: Untagged
  m_Icon: {fileID: 0}
  m_NavMeshLayer: 0
  m_StaticEditorFlags: 0
  m_IsActive: 1
--- !u!4 &4742557521805244
Transform:
  m_ObjectHideFlags: 0
  m_CorrespondingSourceObject: {fileID: 0}
  m_PrefabInstance: {fileID: 0}
  m_PrefabAsset: {fileID: 0}
  m_GameObject: {fileID: 1460654670022362}
  m_LocalRotation: {x: -0.027427394, y: -0.022872979, z: -0.004858565, w: 0.9993503}
  m_LocalPosition: {x: -0.028143099, y: 0.00000009689331, z: -0.000000024223327}
  m_LocalScale: {x: 0.99999505, y: 1.0000048, z: 1.0000002}
  m_Children:
  - {fileID: 4520993807728780}
  m_Father: {fileID: 4020926262008870}
  m_RootOrder: 0
  m_LocalEulerAnglesHint: {x: 0, y: 0, z: 0}
--- !u!1 &1494426154709798
GameObject:
  m_ObjectHideFlags: 0
  m_CorrespondingSourceObject: {fileID: 0}
  m_PrefabInstance: {fileID: 0}
  m_PrefabAsset: {fileID: 0}
  serializedVersion: 6
  m_Component:
  - component: {fileID: 4923067280909010}
  m_Layer: 0
  m_Name: LeftHandThumb3
  m_TagString: Untagged
  m_Icon: {fileID: 0}
  m_NavMeshLayer: 0
  m_StaticEditorFlags: 0
  m_IsActive: 1
--- !u!4 &4923067280909010
Transform:
  m_ObjectHideFlags: 0
  m_CorrespondingSourceObject: {fileID: 0}
  m_PrefabInstance: {fileID: 0}
  m_PrefabAsset: {fileID: 0}
  m_GameObject: {fileID: 1494426154709798}
  m_LocalRotation: {x: 0.018283645, y: 0.03128157, z: -0.0104242, w: 0.99928904}
  m_LocalPosition: {x: -0.037063774, y: -0.000000024223327, z: -0.00000019378662}
  m_LocalScale: {x: 0.9999993, y: 0.9999997, z: 1.000001}
  m_Children: []
  m_Father: {fileID: 4619329235747858}
  m_RootOrder: 0
  m_LocalEulerAnglesHint: {x: 0, y: 0, z: 0}
--- !u!1 &1512087130796428
GameObject:
  m_ObjectHideFlags: 0
  m_CorrespondingSourceObject: {fileID: 0}
  m_PrefabInstance: {fileID: 0}
  m_PrefabAsset: {fileID: 0}
  serializedVersion: 6
  m_Component:
  - component: {fileID: 4822903546613900}
  m_Layer: 0
  m_Name: LeftHandRing1
  m_TagString: Untagged
  m_Icon: {fileID: 0}
  m_NavMeshLayer: 0
  m_StaticEditorFlags: 0
  m_IsActive: 1
--- !u!4 &4822903546613900
Transform:
  m_ObjectHideFlags: 0
  m_CorrespondingSourceObject: {fileID: 0}
  m_PrefabInstance: {fileID: 0}
  m_PrefabAsset: {fileID: 0}
  m_GameObject: {fileID: 1512087130796428}
  m_LocalRotation: {x: -0.028518137, y: -0.04352979, z: 0.05458277, w: 0.99715227}
  m_LocalPosition: {x: -0.0975922, y: -0.0044623245, z: -0.022597628}
  m_LocalScale: {x: 0.9999996, y: 1.0000007, z: 0.9999995}
  m_Children:
  - {fileID: 4428008110581820}
  m_Father: {fileID: 4369009405392412}
  m_RootOrder: 3
  m_LocalEulerAnglesHint: {x: 0, y: 0, z: 0}
--- !u!1 &1522171645443592
GameObject:
  m_ObjectHideFlags: 0
  m_CorrespondingSourceObject: {fileID: 0}
  m_PrefabInstance: {fileID: 0}
  m_PrefabAsset: {fileID: 0}
  serializedVersion: 6
  m_Component:
  - component: {fileID: 4713723404813712}
  m_Layer: 0
  m_Name: LeftHandMiddle3
  m_TagString: Untagged
  m_Icon: {fileID: 0}
  m_NavMeshLayer: 0
  m_StaticEditorFlags: 0
  m_IsActive: 1
--- !u!4 &4713723404813712
Transform:
  m_ObjectHideFlags: 0
  m_CorrespondingSourceObject: {fileID: 0}
  m_PrefabInstance: {fileID: 0}
  m_PrefabAsset: {fileID: 0}
  m_GameObject: {fileID: 1522171645443592}
  m_LocalRotation: {x: -0.0104851825, y: 0.015341389, z: -0.0009561085, w: 0.9998269}
  m_LocalPosition: {x: -0.04242968, y: 0.00000019378662, z: -0.000000072669984}
  m_LocalScale: {x: 0.99999744, y: 1.0000024, z: 1}
  m_Children: []
  m_Father: {fileID: 4453997433000178}
  m_RootOrder: 0
  m_LocalEulerAnglesHint: {x: 0, y: 0, z: 0}
--- !u!1 &1524844820188742
GameObject:
  m_ObjectHideFlags: 0
  m_CorrespondingSourceObject: {fileID: 0}
  m_PrefabInstance: {fileID: 0}
  m_PrefabAsset: {fileID: 0}
  serializedVersion: 6
  m_Component:
  - component: {fileID: 4113287661751262}
  m_Layer: 0
  m_Name: RightHandIndex2
  m_TagString: Untagged
  m_Icon: {fileID: 0}
  m_NavMeshLayer: 0
  m_StaticEditorFlags: 0
  m_IsActive: 1
--- !u!4 &4113287661751262
Transform:
  m_ObjectHideFlags: 0
  m_CorrespondingSourceObject: {fileID: 0}
  m_PrefabInstance: {fileID: 0}
  m_PrefabAsset: {fileID: 0}
  m_GameObject: {fileID: 1524844820188742}
  m_LocalRotation: {x: -0.015527651, y: -0.03439846, z: 0.041006997, w: 0.9984458}
  m_LocalPosition: {x: -0.025659965, y: 0.00000009689331, z: -0.000000012111664}
  m_LocalScale: {x: 0.9999954, y: 1.0000037, z: 1.0000006}
  m_Children:
  - {fileID: 4558581175354338}
  m_Father: {fileID: 4170728793966884}
  m_RootOrder: 0
  m_LocalEulerAnglesHint: {x: 0, y: 0, z: 0}
--- !u!1 &1531536029132028
GameObject:
  m_ObjectHideFlags: 0
  m_CorrespondingSourceObject: {fileID: 0}
  m_PrefabInstance: {fileID: 0}
  m_PrefabAsset: {fileID: 0}
  serializedVersion: 6
  m_Component:
  - component: {fileID: 4425131582887966}
  m_Layer: 0
  m_Name: Point005
  m_TagString: Untagged
  m_Icon: {fileID: 0}
  m_NavMeshLayer: 0
  m_StaticEditorFlags: 0
  m_IsActive: 1
--- !u!4 &4425131582887966
Transform:
  m_ObjectHideFlags: 0
  m_CorrespondingSourceObject: {fileID: 0}
  m_PrefabInstance: {fileID: 0}
  m_PrefabAsset: {fileID: 0}
  m_GameObject: {fileID: 1531536029132028}
  m_LocalRotation: {x: 0.33332184, y: -0.0000009251804, z: -0.00000047106482, w: 0.9428131}
  m_LocalPosition: {x: -0.1350155, y: -0.000000072669984, z: 0.00000009689331}
  m_LocalScale: {x: 0.99999964, y: 0.99999976, z: 0.99999976}
  m_Children: []
  m_Father: {fileID: 4820701466118024}
  m_RootOrder: 3
  m_LocalEulerAnglesHint: {x: 0, y: 0, z: 0}
--- !u!1 &1534026800527548
GameObject:
  m_ObjectHideFlags: 0
  m_CorrespondingSourceObject: {fileID: 0}
  m_PrefabInstance: {fileID: 0}
  m_PrefabAsset: {fileID: 0}
  serializedVersion: 6
  m_Component:
  - component: {fileID: 4436302492472672}
  m_Layer: 0
  m_Name: RightHandMiddle1
  m_TagString: Untagged
  m_Icon: {fileID: 0}
  m_NavMeshLayer: 0
  m_StaticEditorFlags: 0
  m_IsActive: 1
--- !u!4 &4436302492472672
Transform:
  m_ObjectHideFlags: 0
  m_CorrespondingSourceObject: {fileID: 0}
  m_PrefabInstance: {fileID: 0}
  m_PrefabAsset: {fileID: 0}
  m_GameObject: {fileID: 1534026800527548}
  m_LocalRotation: {x: 0.000774476, y: -0.01195396, z: 0.12962827, w: 0.9914903}
  m_LocalPosition: {x: -0.12065576, y: 0.011454436, z: -0.003380547}
  m_LocalScale: {x: 0.99999577, y: 1.0000038, z: 1.0000002}
  m_Children:
  - {fileID: 4485548751357274}
  m_Father: {fileID: 4733894945411368}
  m_RootOrder: 2
  m_LocalEulerAnglesHint: {x: 0, y: 0, z: 0}
--- !u!1 &1558420613201418
GameObject:
  m_ObjectHideFlags: 0
  m_CorrespondingSourceObject: {fileID: 0}
  m_PrefabInstance: {fileID: 0}
  m_PrefabAsset: {fileID: 0}
  serializedVersion: 6
  m_Component:
  - component: {fileID: 4593101749789938}
  m_Layer: 0
  m_Name: LeftHandLittle3
  m_TagString: Untagged
  m_Icon: {fileID: 0}
  m_NavMeshLayer: 0
  m_StaticEditorFlags: 0
  m_IsActive: 1
--- !u!4 &4593101749789938
Transform:
  m_ObjectHideFlags: 0
  m_CorrespondingSourceObject: {fileID: 0}
  m_PrefabInstance: {fileID: 0}
  m_PrefabAsset: {fileID: 0}
  m_GameObject: {fileID: 1558420613201418}
  m_LocalRotation: {x: 0.015110863, y: -0.047373097, z: 0.06577485, w: 0.9965948}
  m_LocalPosition: {x: -0.028174782, y: -0.00000009689331, z: -0.000000090837474}
  m_LocalScale: {x: 1.0000015, y: 0.99999994, z: 0.9999985}
  m_Children: []
  m_Father: {fileID: 4779307423821950}
  m_RootOrder: 0
  m_LocalEulerAnglesHint: {x: 0, y: 0, z: 0}
--- !u!1 &1578537079082106
GameObject:
  m_ObjectHideFlags: 0
  m_CorrespondingSourceObject: {fileID: 0}
  m_PrefabInstance: {fileID: 0}
  m_PrefabAsset: {fileID: 0}
  serializedVersion: 6
  m_Component:
  - component: {fileID: 4118141652446042}
  m_Layer: 0
  m_Name: RightHandThumb2
  m_TagString: Untagged
  m_Icon: {fileID: 0}
  m_NavMeshLayer: 0
  m_StaticEditorFlags: 0
  m_IsActive: 1
--- !u!4 &4118141652446042
Transform:
  m_ObjectHideFlags: 0
  m_CorrespondingSourceObject: {fileID: 0}
  m_PrefabInstance: {fileID: 0}
  m_PrefabAsset: {fileID: 0}
  m_GameObject: {fileID: 1578537079082106}
  m_LocalRotation: {x: -0.07674263, y: 0.018490553, z: 0.010804601, w: 0.9968209}
  m_LocalPosition: {x: -0.0461545, y: 0.00000014533997, z: 0}
  m_LocalScale: {x: 0.99999684, y: 0.9999993, z: 1.0000037}
  m_Children:
  - {fileID: 4672714041382406}
  m_Father: {fileID: 4901700546302134}
  m_RootOrder: 0
  m_LocalEulerAnglesHint: {x: 0, y: 0, z: 0}
--- !u!1 &1579514572136152
GameObject:
  m_ObjectHideFlags: 0
  m_CorrespondingSourceObject: {fileID: 0}
  m_PrefabInstance: {fileID: 0}
  m_PrefabAsset: {fileID: 0}
  serializedVersion: 6
  m_Component:
  - component: {fileID: 4737392752568734}
  m_Layer: 0
  m_Name: LeftHandIndex1
  m_TagString: Untagged
  m_Icon: {fileID: 0}
  m_NavMeshLayer: 0
  m_StaticEditorFlags: 0
  m_IsActive: 1
--- !u!4 &4737392752568734
Transform:
  m_ObjectHideFlags: 0
  m_CorrespondingSourceObject: {fileID: 0}
  m_PrefabInstance: {fileID: 0}
  m_PrefabAsset: {fileID: 0}
  m_GameObject: {fileID: 1579514572136152}
  m_LocalRotation: {x: 0.014295767, y: -0.036374904, z: 0.12673537, w: 0.99116635}
  m_LocalPosition: {x: -0.098127484, y: -0.0007230179, z: 0.033049945}
  m_LocalScale: {x: 0.99999946, y: 1.0000005, z: 0.9999999}
  m_Children:
  - {fileID: 4174386064315922}
  m_Father: {fileID: 4369009405392412}
  m_RootOrder: 0
  m_LocalEulerAnglesHint: {x: 0, y: 0, z: 0}
--- !u!1 &1598015351720390
GameObject:
  m_ObjectHideFlags: 0
  m_CorrespondingSourceObject: {fileID: 0}
  m_PrefabInstance: {fileID: 0}
  m_PrefabAsset: {fileID: 0}
  serializedVersion: 6
  m_Component:
  - component: {fileID: 4520993807728780}
  m_Layer: 0
  m_Name: RightHandRing3
  m_TagString: Untagged
  m_Icon: {fileID: 0}
  m_NavMeshLayer: 0
  m_StaticEditorFlags: 0
  m_IsActive: 1
--- !u!4 &4520993807728780
Transform:
  m_ObjectHideFlags: 0
  m_CorrespondingSourceObject: {fileID: 0}
  m_PrefabInstance: {fileID: 0}
  m_PrefabAsset: {fileID: 0}
  m_GameObject: {fileID: 1598015351720390}
  m_LocalRotation: {x: 0.009264945, y: 0.0020661585, z: 0.080027804, w: 0.9967475}
  m_LocalPosition: {x: -0.03584733, y: 0, z: -0.000000024223327}
  m_LocalScale: {x: 0.9999948, y: 1.0000051, z: 1.0000001}
  m_Children: []
  m_Father: {fileID: 4742557521805244}
  m_RootOrder: 0
  m_LocalEulerAnglesHint: {x: 0, y: 0, z: 0}
--- !u!1 &1618608452918048
GameObject:
  m_ObjectHideFlags: 0
  m_CorrespondingSourceObject: {fileID: 0}
  m_PrefabInstance: {fileID: 0}
  m_PrefabAsset: {fileID: 0}
  serializedVersion: 6
  m_Component:
  - component: {fileID: 4607034361559534}
  m_Layer: 0
  m_Name: LeftToeBase
  m_TagString: Untagged
  m_Icon: {fileID: 0}
  m_NavMeshLayer: 0
  m_StaticEditorFlags: 0
  m_IsActive: 1
--- !u!4 &4607034361559534
Transform:
  m_ObjectHideFlags: 0
  m_CorrespondingSourceObject: {fileID: 0}
  m_PrefabInstance: {fileID: 0}
  m_PrefabAsset: {fileID: 0}
  m_GameObject: {fileID: 1618608452918048}
  m_LocalRotation: {x: -0.00038103416, y: 0.0011566277, z: -0.3258228, w: 0.9454301}
  m_LocalPosition: {x: -0.1703359, y: -0.000000006055832, z: 0}
  m_LocalScale: {x: 1.0000006, y: 0.9999997, z: 1}
  m_Children: []
  m_Father: {fileID: 4251481953326128}
  m_RootOrder: 0
  m_LocalEulerAnglesHint: {x: 0, y: 0, z: 0}
--- !u!1 &1632016395072392
GameObject:
  m_ObjectHideFlags: 0
  m_CorrespondingSourceObject: {fileID: 0}
  m_PrefabInstance: {fileID: 0}
  m_PrefabAsset: {fileID: 0}
  serializedVersion: 6
  m_Component:
  - component: {fileID: 4580719434059422}
  m_Layer: 0
  m_Name: Root
  m_TagString: Untagged
  m_Icon: {fileID: 0}
  m_NavMeshLayer: 0
  m_StaticEditorFlags: 0
  m_IsActive: 1
--- !u!4 &4580719434059422
Transform:
  m_ObjectHideFlags: 0
  m_CorrespondingSourceObject: {fileID: 0}
  m_PrefabInstance: {fileID: 0}
  m_PrefabAsset: {fileID: 0}
  m_GameObject: {fileID: 1632016395072392}
  m_LocalRotation: {x: 0.5000008, y: -0.5000008, z: -0.49999928, w: 0.49999928}
  m_LocalPosition: {x: -0.00000002962447, y: -0.00000007101425, z: -0.00000002800228}
  m_LocalScale: {x: 1, y: 1, z: 1}
  m_Children:
  - {fileID: 4373510977550326}
  m_Father: {fileID: 4904961294225640}
  m_RootOrder: 6
  m_LocalEulerAnglesHint: {x: 0, y: 0, z: 0}
--- !u!1 &1645691415084064
GameObject:
  m_ObjectHideFlags: 0
  m_CorrespondingSourceObject: {fileID: 0}
  m_PrefabInstance: {fileID: 0}
  m_PrefabAsset: {fileID: 0}
  serializedVersion: 6
  m_Component:
  - component: {fileID: 4640003586263422}
  m_Layer: 0
  m_Name: RightArm
  m_TagString: Untagged
  m_Icon: {fileID: 0}
  m_NavMeshLayer: 0
  m_StaticEditorFlags: 0
  m_IsActive: 1
--- !u!4 &4640003586263422
Transform:
  m_ObjectHideFlags: 0
  m_CorrespondingSourceObject: {fileID: 0}
  m_PrefabInstance: {fileID: 0}
  m_PrefabAsset: {fileID: 0}
  m_GameObject: {fileID: 1645691415084064}
  m_LocalRotation: {x: -0.017748643, y: -0.327811, z: 0.13856596, w: 0.93435776}
  m_LocalPosition: {x: -0.16826536, y: 0, z: 0}
  m_LocalScale: {x: 0.99999994, y: 1, z: 1}
  m_Children:
  - {fileID: 4880850382377612}
  m_Father: {fileID: 4303169776356580}
  m_RootOrder: 0
  m_LocalEulerAnglesHint: {x: 0, y: 0, z: 0}
--- !u!1 &1648938893299482
GameObject:
  m_ObjectHideFlags: 0
  m_CorrespondingSourceObject: {fileID: 0}
  m_PrefabInstance: {fileID: 0}
  m_PrefabAsset: {fileID: 0}
  serializedVersion: 6
  m_Component:
  - component: {fileID: 4991237872534886}
  m_Layer: 0
  m_Name: LeftPlatform
  m_TagString: Untagged
  m_Icon: {fileID: 0}
  m_NavMeshLayer: 0
  m_StaticEditorFlags: 0
  m_IsActive: 1
--- !u!4 &4991237872534886
Transform:
  m_ObjectHideFlags: 0
  m_CorrespondingSourceObject: {fileID: 0}
  m_PrefabInstance: {fileID: 0}
  m_PrefabAsset: {fileID: 0}
  m_GameObject: {fileID: 1648938893299482}
  m_LocalRotation: {x: 0.5213339, y: -0.5213339, z: -0.47771436, w: 0.47771436}
  m_LocalPosition: {x: -0.17501634, y: -0.000000013998998, z: 0.013675372}
  m_LocalScale: {x: 1, y: 1, z: 1}
  m_Children: []
  m_Father: {fileID: 4904961294225640}
  m_RootOrder: 4
  m_LocalEulerAnglesHint: {x: 0, y: 0, z: 0}
--- !u!1 &1682875094533396
GameObject:
  m_ObjectHideFlags: 0
  m_CorrespondingSourceObject: {fileID: 0}
  m_PrefabInstance: {fileID: 0}
  m_PrefabAsset: {fileID: 0}
  serializedVersion: 6
  m_Component:
  - component: {fileID: 4570405598301780}
  m_Layer: 0
  m_Name: Point010
  m_TagString: Untagged
  m_Icon: {fileID: 0}
  m_NavMeshLayer: 0
  m_StaticEditorFlags: 0
  m_IsActive: 1
--- !u!4 &4570405598301780
Transform:
  m_ObjectHideFlags: 0
  m_CorrespondingSourceObject: {fileID: 0}
  m_PrefabInstance: {fileID: 0}
  m_PrefabAsset: {fileID: 0}
  m_GameObject: {fileID: 1682875094533396}
  m_LocalRotation: {x: 0.8468136, y: -0.025204394, z: -0.037943296, w: 0.52993566}
  m_LocalPosition: {x: 0.000004457092, y: -0.0000006298065, z: 0.000001259613}
  m_LocalScale: {x: 1.0000018, y: 0.9999982, z: 1.0000001}
  m_Children: []
  m_Father: {fileID: 4880850382377612}
  m_RootOrder: 3
  m_LocalEulerAnglesHint: {x: 0, y: 0, z: 0}
--- !u!1 &1704844460093048
GameObject:
  m_ObjectHideFlags: 0
  m_CorrespondingSourceObject: {fileID: 0}
  m_PrefabInstance: {fileID: 0}
  m_PrefabAsset: {fileID: 0}
  serializedVersion: 6
  m_Component:
  - component: {fileID: 4439524722453090}
  m_Layer: 0
  m_Name: LeftHandLittle1
  m_TagString: Untagged
  m_Icon: {fileID: 0}
  m_NavMeshLayer: 0
  m_StaticEditorFlags: 0
  m_IsActive: 1
--- !u!4 &4439524722453090
Transform:
  m_ObjectHideFlags: 0
  m_CorrespondingSourceObject: {fileID: 0}
  m_PrefabInstance: {fileID: 0}
  m_PrefabAsset: {fileID: 0}
  m_GameObject: {fileID: 1704844460093048}
  m_LocalRotation: {x: -0.03917987, y: -0.053996943, z: 0.098723635, w: 0.9928761}
  m_LocalPosition: {x: -0.08840204, y: -0.0103288265, z: -0.047943402}
  m_LocalScale: {x: 0.99999946, y: 1.000001, z: 0.9999994}
  m_Children:
  - {fileID: 4779307423821950}
  m_Father: {fileID: 4369009405392412}
  m_RootOrder: 1
  m_LocalEulerAnglesHint: {x: 0, y: 0, z: 0}
--- !u!1 &1708920681725002
GameObject:
  m_ObjectHideFlags: 0
  m_CorrespondingSourceObject: {fileID: 0}
  m_PrefabInstance: {fileID: 0}
  m_PrefabAsset: {fileID: 0}
  serializedVersion: 6
  m_Component:
  - component: {fileID: 4251481953326128}
  m_Layer: 0
  m_Name: LeftFoot
  m_TagString: Untagged
  m_Icon: {fileID: 0}
  m_NavMeshLayer: 0
  m_StaticEditorFlags: 0
  m_IsActive: 1
--- !u!4 &4251481953326128
Transform:
  m_ObjectHideFlags: 0
  m_CorrespondingSourceObject: {fileID: 0}
  m_PrefabInstance: {fileID: 0}
  m_PrefabAsset: {fileID: 0}
  m_GameObject: {fileID: 1708920681725002}
  m_LocalRotation: {x: -0.038718704, y: 0.037724275, z: -0.54151547, w: 0.83895105}
  m_LocalPosition: {x: -0.42335415, y: 0, z: 0}
  m_LocalScale: {x: 0.9999995, y: 1.0000007, z: 0.99999946}
  m_Children:
  - {fileID: 4607034361559534}
  m_Father: {fileID: 4338151559868380}
  m_RootOrder: 0
  m_LocalEulerAnglesHint: {x: 0, y: 0, z: 0}
--- !u!1 &1723225735563722
GameObject:
  m_ObjectHideFlags: 0
  m_CorrespondingSourceObject: {fileID: 0}
  m_PrefabInstance: {fileID: 0}
  m_PrefabAsset: {fileID: 0}
  serializedVersion: 6
  m_Component:
  - component: {fileID: 4750171835878024}
  m_Layer: 0
  m_Name: Head
  m_TagString: Untagged
  m_Icon: {fileID: 0}
  m_NavMeshLayer: 0
  m_StaticEditorFlags: 0
  m_IsActive: 1
--- !u!4 &4750171835878024
Transform:
  m_ObjectHideFlags: 0
  m_CorrespondingSourceObject: {fileID: 0}
  m_PrefabInstance: {fileID: 0}
  m_PrefabAsset: {fileID: 0}
  m_GameObject: {fileID: 1723225735563722}
  m_LocalRotation: {x: 0.0000024192238, y: -0.0000048728994, z: 0.2839383, w: 0.9588426}
  m_LocalPosition: {x: -0.113761075, y: -0.006113532, z: 0.000000034760415}
  m_LocalScale: {x: 0.9999999, y: 0.9999999, z: 1}
  m_Children: []
  m_Father: {fileID: 4505665914814672}
  m_RootOrder: 0
  m_LocalEulerAnglesHint: {x: 0, y: 0, z: 0}
--- !u!1 &1727556072101572
GameObject:
  m_ObjectHideFlags: 0
  m_CorrespondingSourceObject: {fileID: 0}
  m_PrefabInstance: {fileID: 0}
  m_PrefabAsset: {fileID: 0}
  serializedVersion: 6
  m_Component:
  - component: {fileID: 4728971071387556}
  m_Layer: 0
  m_Name: RightHandLittle2
  m_TagString: Untagged
  m_Icon: {fileID: 0}
  m_NavMeshLayer: 0
  m_StaticEditorFlags: 0
  m_IsActive: 1
--- !u!4 &4728971071387556
Transform:
  m_ObjectHideFlags: 0
  m_CorrespondingSourceObject: {fileID: 0}
  m_PrefabInstance: {fileID: 0}
  m_PrefabAsset: {fileID: 0}
  m_GameObject: {fileID: 1727556072101572}
  m_LocalRotation: {x: 0.00080034556, y: -0.019226119, z: 0.06715567, w: 0.9975569}
  m_LocalPosition: {x: -0.027563822, y: -0.00000009689331, z: 0.000000024223327}
  m_LocalScale: {x: 0.99999577, y: 1.000004, z: 1.0000002}
  m_Children:
  - {fileID: 4987067146682644}
  m_Father: {fileID: 4028895229245880}
  m_RootOrder: 0
  m_LocalEulerAnglesHint: {x: 0, y: 0, z: 0}
--- !u!1 &1739231138432594
GameObject:
  m_ObjectHideFlags: 0
  m_CorrespondingSourceObject: {fileID: 0}
  m_PrefabInstance: {fileID: 0}
  m_PrefabAsset: {fileID: 0}
  serializedVersion: 6
  m_Component:
  - component: {fileID: 4517530277866114}
  - component: {fileID: 137756662818359334}
  m_Layer: 0
  m_Name: Armor_shoes_01
  m_TagString: Untagged
  m_Icon: {fileID: 0}
  m_NavMeshLayer: 0
  m_StaticEditorFlags: 0
  m_IsActive: 1
--- !u!4 &4517530277866114
Transform:
  m_ObjectHideFlags: 0
  m_CorrespondingSourceObject: {fileID: 0}
  m_PrefabInstance: {fileID: 0}
  m_PrefabAsset: {fileID: 0}
  m_GameObject: {fileID: 1739231138432594}
  m_LocalRotation: {x: 0.000000021855694, y: -0, z: -0, w: 1}
  m_LocalPosition: {x: -0, y: 0, z: 0}
  m_LocalScale: {x: 0.9721373, y: 0.9721373, z: 0.9721373}
  m_Children: []
  m_Father: {fileID: 4904961294225640}
  m_RootOrder: 1
  m_LocalEulerAnglesHint: {x: 0, y: 0, z: 0}
--- !u!137 &137756662818359334
SkinnedMeshRenderer:
  m_ObjectHideFlags: 0
  m_CorrespondingSourceObject: {fileID: 0}
  m_PrefabInstance: {fileID: 0}
  m_PrefabAsset: {fileID: 0}
  m_GameObject: {fileID: 1739231138432594}
  m_Enabled: 1
  m_CastShadows: 1
  m_ReceiveShadows: 1
  m_DynamicOccludee: 1
  m_MotionVectors: 1
  m_LightProbeUsage: 1
  m_ReflectionProbeUsage: 1
  m_RayTracingMode: 0
  m_RenderingLayerMask: 1
  m_RendererPriority: 0
  m_Materials:
  - {fileID: 2100000, guid: b1ef0c5781dfc7d479a0ef9b0a5bfa9d, type: 2}
  m_StaticBatchInfo:
    firstSubMesh: 0
    subMeshCount: 0
  m_StaticBatchRoot: {fileID: 0}
  m_ProbeAnchor: {fileID: 0}
  m_LightProbeVolumeOverride: {fileID: 0}
  m_ScaleInLightmap: 1
  m_ReceiveGI: 1
  m_PreserveUVs: 0
  m_IgnoreNormalsForChartDetection: 0
  m_ImportantGI: 0
  m_StitchLightmapSeams: 1
  m_SelectedEditorRenderState: 3
  m_MinimumChartSize: 4
  m_AutoUVMaxDistance: 0.5
  m_AutoUVMaxAngle: 89
  m_LightmapParameters: {fileID: 0}
  m_SortingLayerID: 0
  m_SortingLayer: 0
  m_SortingOrder: 0
  serializedVersion: 2
  m_Quality: 0
  m_UpdateWhenOffscreen: 0
  m_SkinnedMotionVectors: 1
  m_Mesh: {fileID: 4300012, guid: 7c3e3884587751f4d8bcd74810e10040, type: 3}
  m_Bones:
  - {fileID: 4251481953326128}
  - {fileID: 4607034361559534}
  - {fileID: 4338151559868380}
  - {fileID: 4088710673790338}
  - {fileID: 4649165692870992}
  - {fileID: 4712089741979670}
  m_BlendShapeWeights: []
  m_RootBone: {fileID: 4649165692870992}
  m_AABB:
    m_Center: {x: -0.45581454, y: 0.0681315, z: -0.17616573}
    m_Extent: {x: 0.16687207, y: 0.18021852, z: 0.2444947}
  m_DirtyAABB: 0
--- !u!1 &1760599961643452
GameObject:
  m_ObjectHideFlags: 0
  m_CorrespondingSourceObject: {fileID: 0}
  m_PrefabInstance: {fileID: 0}
  m_PrefabAsset: {fileID: 0}
  serializedVersion: 6
  m_Component:
  - component: {fileID: 4174386064315922}
  m_Layer: 0
  m_Name: LeftHandIndex2
  m_TagString: Untagged
  m_Icon: {fileID: 0}
  m_NavMeshLayer: 0
  m_StaticEditorFlags: 0
  m_IsActive: 1
--- !u!4 &4174386064315922
Transform:
  m_ObjectHideFlags: 0
  m_CorrespondingSourceObject: {fileID: 0}
  m_PrefabInstance: {fileID: 0}
  m_PrefabAsset: {fileID: 0}
  m_GameObject: {fileID: 1760599961643452}
  m_LocalRotation: {x: -0.011775901, y: 0.023552299, z: 0.013986116, w: 0.9995554}
  m_LocalPosition: {x: -0.032915916, y: 0, z: 0.000000024223327}
  m_LocalScale: {x: 0.9999995, y: 1.0000006, z: 0.9999998}
  m_Children:
  - {fileID: 4298869794055050}
  m_Father: {fileID: 4737392752568734}
  m_RootOrder: 0
  m_LocalEulerAnglesHint: {x: 0, y: 0, z: 0}
--- !u!1 &1785515842738640
GameObject:
  m_ObjectHideFlags: 0
  m_CorrespondingSourceObject: {fileID: 0}
  m_PrefabInstance: {fileID: 0}
  m_PrefabAsset: {fileID: 0}
  serializedVersion: 6
  m_Component:
  - component: {fileID: 4453997433000178}
  m_Layer: 0
  m_Name: LeftHandMiddle2
  m_TagString: Untagged
  m_Icon: {fileID: 0}
  m_NavMeshLayer: 0
  m_StaticEditorFlags: 0
  m_IsActive: 1
--- !u!4 &4453997433000178
Transform:
  m_ObjectHideFlags: 0
  m_CorrespondingSourceObject: {fileID: 0}
  m_PrefabInstance: {fileID: 0}
  m_PrefabAsset: {fileID: 0}
  m_GameObject: {fileID: 1785515842738640}
  m_LocalRotation: {x: -0.0028219037, y: 0.0036869443, z: 0.10826891, w: 0.9941108}
  m_LocalPosition: {x: -0.038134493, y: 0.00000019378662, z: -0.000000072669984}
  m_LocalScale: {x: 0.99999756, y: 1.0000024, z: 0.99999994}
  m_Children:
  - {fileID: 4713723404813712}
  m_Father: {fileID: 4938704678901274}
  m_RootOrder: 0
  m_LocalEulerAnglesHint: {x: 0, y: 0, z: 0}
--- !u!1 &1809876100681106
GameObject:
  m_ObjectHideFlags: 0
  m_CorrespondingSourceObject: {fileID: 0}
  m_PrefabInstance: {fileID: 0}
  m_PrefabAsset: {fileID: 0}
  serializedVersion: 6
  m_Component:
  - component: {fileID: 4338151559868380}
  m_Layer: 0
  m_Name: LeftLeg
  m_TagString: Untagged
  m_Icon: {fileID: 0}
  m_NavMeshLayer: 0
  m_StaticEditorFlags: 0
  m_IsActive: 1
--- !u!4 &4338151559868380
Transform:
  m_ObjectHideFlags: 0
  m_CorrespondingSourceObject: {fileID: 0}
  m_PrefabInstance: {fileID: 0}
  m_PrefabAsset: {fileID: 0}
  m_GameObject: {fileID: 1809876100681106}
  m_LocalRotation: {x: -0.0007027353, y: -0.0010249448, z: 0.17301404, w: 0.9849186}
  m_LocalPosition: {x: -0.455026, y: 0.0000023072719, z: 0.0000006298065}
  m_LocalScale: {x: 1.0000002, y: 1, z: 1}
  m_Children:
  - {fileID: 4251481953326128}
  m_Father: {fileID: 4660106880926106}
  m_RootOrder: 0
  m_LocalEulerAnglesHint: {x: 0, y: 0, z: 0}
--- !u!1 &1817261843688530
GameObject:
  m_ObjectHideFlags: 0
  m_CorrespondingSourceObject: {fileID: 0}
  m_PrefabInstance: {fileID: 0}
  m_PrefabAsset: {fileID: 0}
  serializedVersion: 6
  m_Component:
  - component: {fileID: 4677882298258822}
  - component: {fileID: 137683913460720256}
  m_Layer: 0
  m_Name: Armor_01
  m_TagString: Untagged
  m_Icon: {fileID: 0}
  m_NavMeshLayer: 0
  m_StaticEditorFlags: 0
  m_IsActive: 1
--- !u!4 &4677882298258822
Transform:
  m_ObjectHideFlags: 0
  m_CorrespondingSourceObject: {fileID: 0}
  m_PrefabInstance: {fileID: 0}
  m_PrefabAsset: {fileID: 0}
  m_GameObject: {fileID: 1817261843688530}
  m_LocalRotation: {x: 0.000000021855694, y: -0, z: -0, w: 1}
  m_LocalPosition: {x: -0, y: 0, z: 0}
  m_LocalScale: {x: 0.9721373, y: 0.9721373, z: 0.9721373}
  m_Children: []
  m_Father: {fileID: 4904961294225640}
  m_RootOrder: 0
  m_LocalEulerAnglesHint: {x: 0, y: 0, z: 0}
--- !u!137 &137683913460720256
SkinnedMeshRenderer:
  m_ObjectHideFlags: 0
  m_CorrespondingSourceObject: {fileID: 0}
  m_PrefabInstance: {fileID: 0}
  m_PrefabAsset: {fileID: 0}
  m_GameObject: {fileID: 1817261843688530}
  m_Enabled: 1
  m_CastShadows: 1
  m_ReceiveShadows: 1
  m_DynamicOccludee: 1
  m_MotionVectors: 1
  m_LightProbeUsage: 1
  m_ReflectionProbeUsage: 1
  m_RayTracingMode: 0
  m_RenderingLayerMask: 1
  m_RendererPriority: 0
  m_Materials:
  - {fileID: 2100000, guid: b1ef0c5781dfc7d479a0ef9b0a5bfa9d, type: 2}
  m_StaticBatchInfo:
    firstSubMesh: 0
    subMeshCount: 0
  m_StaticBatchRoot: {fileID: 0}
  m_ProbeAnchor: {fileID: 0}
  m_LightProbeVolumeOverride: {fileID: 0}
  m_ScaleInLightmap: 1
  m_ReceiveGI: 1
  m_PreserveUVs: 0
  m_IgnoreNormalsForChartDetection: 0
  m_ImportantGI: 0
  m_StitchLightmapSeams: 1
  m_SelectedEditorRenderState: 3
  m_MinimumChartSize: 4
  m_AutoUVMaxDistance: 0.5
  m_AutoUVMaxAngle: 89
  m_LightmapParameters: {fileID: 0}
  m_SortingLayerID: 0
  m_SortingLayer: 0
  m_SortingOrder: 0
  serializedVersion: 2
  m_Quality: 0
  m_UpdateWhenOffscreen: 0
  m_SkinnedMotionVectors: 1
  m_Mesh: {fileID: 4300006, guid: 7c3e3884587751f4d8bcd74810e10040, type: 3}
  m_Bones:
  - {fileID: 4795451468103862}
  - {fileID: 4373510977550326}
  - {fileID: 4808382320969024}
  - {fileID: 4505665914814672}
  - {fileID: 4478950514600726}
  - {fileID: 4702378637742098}
  - {fileID: 4750171835878024}
  - {fileID: 4820701466118024}
  - {fileID: 4303169776356580}
  - {fileID: 4640003586263422}
  - {fileID: 4660106880926106}
  - {fileID: 4789672714227984}
  m_BlendShapeWeights: []
  m_RootBone: {fileID: 4373510977550326}
  m_AABB:
    m_Center: {x: -0.35978743, y: 0.0152799785, z: 0.0016660243}
    m_Extent: {x: 0.37760362, y: 0.27585208, z: 0.38227838}
  m_DirtyAABB: 0
--- !u!1 &1834674922026672
GameObject:
  m_ObjectHideFlags: 0
  m_CorrespondingSourceObject: {fileID: 0}
  m_PrefabInstance: {fileID: 0}
  m_PrefabAsset: {fileID: 0}
  serializedVersion: 6
  m_Component:
  - component: {fileID: 4702378637742098}
  m_Layer: 0
  m_Name: LeftShoulder
  m_TagString: Untagged
  m_Icon: {fileID: 0}
  m_NavMeshLayer: 0
  m_StaticEditorFlags: 0
  m_IsActive: 1
--- !u!4 &4702378637742098
Transform:
  m_ObjectHideFlags: 0
  m_CorrespondingSourceObject: {fileID: 0}
  m_PrefabInstance: {fileID: 0}
  m_PrefabAsset: {fileID: 0}
  m_GameObject: {fileID: 1834674922026672}
  m_LocalRotation: {x: -0.011521306, y: 0.78404397, z: -0.031093802, w: 0.6198189}
  m_LocalPosition: {x: -0.13595681, y: -0.010296488, z: 0.046551626}
  m_LocalScale: {x: 1, y: 0.9999999, z: 0.9999999}
  m_Children:
  - {fileID: 4808382320969024}
  m_Father: {fileID: 4795451468103862}
  m_RootOrder: 0
  m_LocalEulerAnglesHint: {x: 0, y: 0, z: 0}
--- !u!1 &1838452938242080
GameObject:
  m_ObjectHideFlags: 0
  m_CorrespondingSourceObject: {fileID: 0}
  m_PrefabInstance: {fileID: 0}
  m_PrefabAsset: {fileID: 0}
  serializedVersion: 6
  m_Component:
  - component: {fileID: 4088710673790338}
  m_Layer: 0
  m_Name: RightFoot
  m_TagString: Untagged
  m_Icon: {fileID: 0}
  m_NavMeshLayer: 0
  m_StaticEditorFlags: 0
  m_IsActive: 1
--- !u!4 &4088710673790338
Transform:
  m_ObjectHideFlags: 0
  m_CorrespondingSourceObject: {fileID: 0}
  m_PrefabInstance: {fileID: 0}
  m_PrefabAsset: {fileID: 0}
  m_GameObject: {fileID: 1838452938242080}
  m_LocalRotation: {x: 0.067779, y: -0.01657275, z: -0.53816843, w: 0.8399441}
  m_LocalPosition: {x: -0.42191592, y: -0.000000012111664, z: 0}
  m_LocalScale: {x: 0.9999987, y: 1.0000012, z: 1.0000001}
  m_Children:
  - {fileID: 4712089741979670}
  m_Father: {fileID: 4649165692870992}
  m_RootOrder: 0
  m_LocalEulerAnglesHint: {x: 0, y: 0, z: 0}
--- !u!1 &1862029403836458
GameObject:
  m_ObjectHideFlags: 0
  m_CorrespondingSourceObject: {fileID: 0}
  m_PrefabInstance: {fileID: 0}
  m_PrefabAsset: {fileID: 0}
  serializedVersion: 6
  m_Component:
  - component: {fileID: 4665453512019710}
  m_Layer: 0
  m_Name: Point008
  m_TagString: Untagged
  m_Icon: {fileID: 0}
  m_NavMeshLayer: 0
  m_StaticEditorFlags: 0
  m_IsActive: 1
--- !u!4 &4665453512019710
Transform:
  m_ObjectHideFlags: 0
  m_CorrespondingSourceObject: {fileID: 0}
  m_PrefabInstance: {fileID: 0}
  m_PrefabAsset: {fileID: 0}
  m_GameObject: {fileID: 1862029403836458}
  m_LocalRotation: {x: -0.8468092, y: 0.024584258, z: -0.0386994, w: 0.5299171}
  m_LocalPosition: {x: 0.0000013080597, y: -0.00002424755, z: -0.000112880705}
  m_LocalScale: {x: 0.9999994, y: 1.0000005, z: 1}
  m_Children: []
  m_Father: {fileID: 4820701466118024}
  m_RootOrder: 4
  m_LocalEulerAnglesHint: {x: 0, y: 0, z: 0}
--- !u!1 &1877597491665412
GameObject:
  m_ObjectHideFlags: 0
  m_CorrespondingSourceObject: {fileID: 0}
  m_PrefabInstance: {fileID: 0}
  m_PrefabAsset: {fileID: 0}
  serializedVersion: 6
  m_Component:
  - component: {fileID: 4672714041382406}
  m_Layer: 0
  m_Name: RightHandThumb3
  m_TagString: Untagged
  m_Icon: {fileID: 0}
  m_NavMeshLayer: 0
  m_StaticEditorFlags: 0
  m_IsActive: 1
--- !u!4 &4672714041382406
Transform:
  m_ObjectHideFlags: 0
  m_CorrespondingSourceObject: {fileID: 0}
  m_PrefabInstance: {fileID: 0}
  m_PrefabAsset: {fileID: 0}
  m_GameObject: {fileID: 1877597491665412}
  m_LocalRotation: {x: 0.0017723463, y: 0.036698356, z: 0.09407221, w: 0.9948872}
  m_LocalPosition: {x: -0.035799753, y: 0.000000072669984, z: 0.00000009689331}
  m_LocalScale: {x: 0.99999624, y: 1, z: 1.0000035}
  m_Children: []
  m_Father: {fileID: 4118141652446042}
  m_RootOrder: 0
  m_LocalEulerAnglesHint: {x: 0, y: 0, z: 0}
--- !u!1 &1878067484099338
GameObject:
  m_ObjectHideFlags: 0
  m_CorrespondingSourceObject: {fileID: 0}
  m_PrefabInstance: {fileID: 0}
  m_PrefabAsset: {fileID: 0}
  serializedVersion: 6
  m_Component:
  - component: {fileID: 4712089741979670}
  m_Layer: 0
  m_Name: RightToeBase
  m_TagString: Untagged
  m_Icon: {fileID: 0}
  m_NavMeshLayer: 0
  m_StaticEditorFlags: 0
  m_IsActive: 1
--- !u!4 &4712089741979670
Transform:
  m_ObjectHideFlags: 0
  m_CorrespondingSourceObject: {fileID: 0}
  m_PrefabInstance: {fileID: 0}
  m_PrefabAsset: {fileID: 0}
  m_GameObject: {fileID: 1878067484099338}
  m_LocalRotation: {x: -0.019144315, y: -0.059817098, z: -0.32452974, w: 0.94378805}
  m_LocalPosition: {x: -0.17033598, y: 0.000000009083748, z: 0.000000012111664}
  m_LocalScale: {x: 1.0000023, y: 0.99999756, z: 1}
  m_Children: []
  m_Father: {fileID: 4088710673790338}
  m_RootOrder: 0
  m_LocalEulerAnglesHint: {x: 0, y: 0, z: 0}
--- !u!1 &1891896056242874
GameObject:
  m_ObjectHideFlags: 0
  m_CorrespondingSourceObject: {fileID: 0}
  m_PrefabInstance: {fileID: 0}
  m_PrefabAsset: {fileID: 0}
  serializedVersion: 6
  m_Component:
  - component: {fileID: 4170728793966884}
  m_Layer: 0
  m_Name: RightHandIndex1
  m_TagString: Untagged
  m_Icon: {fileID: 0}
  m_NavMeshLayer: 0
  m_StaticEditorFlags: 0
  m_IsActive: 1
--- !u!4 &4170728793966884
Transform:
  m_ObjectHideFlags: 0
  m_CorrespondingSourceObject: {fileID: 0}
  m_PrefabInstance: {fileID: 0}
  m_PrefabAsset: {fileID: 0}
  m_GameObject: {fileID: 1891896056242874}
  m_LocalRotation: {x: -0.020322211, y: 0.021962343, z: 0.12170534, w: 0.99211514}
  m_LocalPosition: {x: -0.117058165, y: 0.0017695625, z: -0.033712793}
  m_LocalScale: {x: 0.99999577, y: 1.0000036, z: 1.0000005}
  m_Children:
  - {fileID: 4113287661751262}
  m_Father: {fileID: 4733894945411368}
  m_RootOrder: 0
  m_LocalEulerAnglesHint: {x: 0, y: 0, z: 0}
--- !u!1 &1904923442750004
GameObject:
  m_ObjectHideFlags: 0
  m_CorrespondingSourceObject: {fileID: 0}
  m_PrefabInstance: {fileID: 0}
  m_PrefabAsset: {fileID: 0}
  serializedVersion: 6
  m_Component:
  - component: {fileID: 4744698718083788}
  - component: {fileID: 137321818063445838}
  m_Layer: 0
  m_Name: Body_01
  m_TagString: Untagged
  m_Icon: {fileID: 0}
  m_NavMeshLayer: 0
  m_StaticEditorFlags: 0
  m_IsActive: 1
--- !u!4 &4744698718083788
Transform:
  m_ObjectHideFlags: 0
  m_CorrespondingSourceObject: {fileID: 0}
  m_PrefabInstance: {fileID: 0}
  m_PrefabAsset: {fileID: 0}
  m_GameObject: {fileID: 1904923442750004}
  m_LocalRotation: {x: 0.000000021855694, y: -0, z: -0, w: 1}
  m_LocalPosition: {x: -0, y: 0, z: 0}
  m_LocalScale: {x: 0.9721373, y: 0.9721373, z: 0.9721373}
  m_Children: []
  m_Father: {fileID: 4904961294225640}
  m_RootOrder: 3
  m_LocalEulerAnglesHint: {x: 0, y: 0, z: 0}
--- !u!137 &137321818063445838
SkinnedMeshRenderer:
  m_ObjectHideFlags: 0
  m_CorrespondingSourceObject: {fileID: 0}
  m_PrefabInstance: {fileID: 0}
  m_PrefabAsset: {fileID: 0}
  m_GameObject: {fileID: 1904923442750004}
  m_Enabled: 1
  m_CastShadows: 1
  m_ReceiveShadows: 1
  m_DynamicOccludee: 1
  m_MotionVectors: 1
  m_LightProbeUsage: 1
  m_ReflectionProbeUsage: 1
  m_RayTracingMode: 0
  m_RenderingLayerMask: 1
  m_RendererPriority: 0
  m_Materials:
  - {fileID: 2100000, guid: 20bc372dfc417ee48812bdc97ac3b418, type: 2}
  m_StaticBatchInfo:
    firstSubMesh: 0
    subMeshCount: 0
  m_StaticBatchRoot: {fileID: 0}
  m_ProbeAnchor: {fileID: 0}
  m_LightProbeVolumeOverride: {fileID: 0}
  m_ScaleInLightmap: 1
  m_ReceiveGI: 1
  m_PreserveUVs: 0
  m_IgnoreNormalsForChartDetection: 0
  m_ImportantGI: 0
  m_StitchLightmapSeams: 1
  m_SelectedEditorRenderState: 3
  m_MinimumChartSize: 4
  m_AutoUVMaxDistance: 0.5
  m_AutoUVMaxAngle: 89
  m_LightmapParameters: {fileID: 0}
  m_SortingLayerID: 0
  m_SortingLayer: 0
  m_SortingOrder: 0
  serializedVersion: 2
  m_Quality: 0
  m_UpdateWhenOffscreen: 0
  m_SkinnedMotionVectors: 1
  m_Mesh: {fileID: 4300000, guid: 7c3e3884587751f4d8bcd74810e10040, type: 3}
  m_Bones:
  - {fileID: 4795451468103862}
  - {fileID: 4373510977550326}
  - {fileID: 4478950514600726}
  - {fileID: 4808382320969024}
  - {fileID: 4505665914814672}
  - {fileID: 4702378637742098}
  - {fileID: 4750171835878024}
  - {fileID: 4820701466118024}
  - {fileID: 4303169776356580}
  - {fileID: 4660106880926106}
  - {fileID: 4789672714227984}
  - {fileID: 4640003586263422}
  - {fileID: 4850666170733954}
  - {fileID: 4369009405392412}
  - {fileID: 4413494670182298}
  - {fileID: 4619329235747858}
  - {fileID: 4338151559868380}
  - {fileID: 4251481953326128}
  - {fileID: 4649165692870992}
  - {fileID: 4088710673790338}
  - {fileID: 4688933007033050}
  - {fileID: 4880850382377612}
  - {fileID: 4733894945411368}
  - {fileID: 4901700546302134}
  - {fileID: 4118141652446042}
  - {fileID: 4737392752568734}
  - {fileID: 4938704678901274}
  - {fileID: 4822903546613900}
  - {fileID: 4439524722453090}
  - {fileID: 4923067280909010}
  - {fileID: 4779307423821950}
  - {fileID: 4428008110581820}
  - {fileID: 4174386064315922}
  - {fileID: 4453997433000178}
  - {fileID: 4298869794055050}
  - {fileID: 4713723404813712}
  - {fileID: 4773994629503644}
  - {fileID: 4593101749789938}
  - {fileID: 4170728793966884}
  - {fileID: 4436302492472672}
  - {fileID: 4020926262008870}
  - {fileID: 4028895229245880}
  - {fileID: 4672714041382406}
  - {fileID: 4728971071387556}
  - {fileID: 4742557521805244}
  - {fileID: 4113287661751262}
  - {fileID: 4485548751357274}
  - {fileID: 4558581175354338}
  - {fileID: 4613916608617854}
  - {fileID: 4520993807728780}
  - {fileID: 4987067146682644}
  m_BlendShapeWeights: []
  m_RootBone: {fileID: 4373510977550326}
  m_AABB:
    m_Center: {x: -0.014413029, y: 0.011801466, z: 0.004167378}
    m_Extent: {x: 0.8816122, y: 0.2517196, z: 0.6996289}
  m_DirtyAABB: 0
--- !u!1 &1906710116110670
GameObject:
  m_ObjectHideFlags: 0
  m_CorrespondingSourceObject: {fileID: 0}
  m_PrefabInstance: {fileID: 0}
  m_PrefabAsset: {fileID: 0}
  serializedVersion: 6
  m_Component:
  - component: {fileID: 4808382320969024}
  m_Layer: 0
  m_Name: LeftArm
  m_TagString: Untagged
  m_Icon: {fileID: 0}
  m_NavMeshLayer: 0
  m_StaticEditorFlags: 0
  m_IsActive: 1
--- !u!4 &4808382320969024
Transform:
  m_ObjectHideFlags: 0
  m_CorrespondingSourceObject: {fileID: 0}
  m_PrefabInstance: {fileID: 0}
  m_PrefabAsset: {fileID: 0}
  m_GameObject: {fileID: 1906710116110670}
  m_LocalRotation: {x: 0.00987231, y: 0.33872485, z: 0.121154994, w: 0.93300027}
  m_LocalPosition: {x: -0.17022932, y: -0.000000012111664, z: 0.00000048446657}
  m_LocalScale: {x: 1.0000013, y: 1, z: 0.9999986}
  m_Children:
  - {fileID: 4820701466118024}
  m_Father: {fileID: 4702378637742098}
  m_RootOrder: 0
  m_LocalEulerAnglesHint: {x: 0, y: 0, z: 0}
--- !u!1 &1916091264908406
GameObject:
  m_ObjectHideFlags: 0
  m_CorrespondingSourceObject: {fileID: 0}
  m_PrefabInstance: {fileID: 0}
  m_PrefabAsset: {fileID: 0}
  serializedVersion: 6
  m_Component:
  - component: {fileID: 4649165692870992}
  m_Layer: 0
  m_Name: RightLeg
  m_TagString: Untagged
  m_Icon: {fileID: 0}
  m_NavMeshLayer: 0
  m_StaticEditorFlags: 0
  m_IsActive: 1
--- !u!4 &4649165692870992
Transform:
  m_ObjectHideFlags: 0
  m_CorrespondingSourceObject: {fileID: 0}
  m_PrefabInstance: {fileID: 0}
  m_PrefabAsset: {fileID: 0}
  m_GameObject: {fileID: 1916091264908406}
  m_LocalRotation: {x: -0.0009311703, y: -0.010566674, z: 0.16758287, w: 0.9858009}
  m_LocalPosition: {x: -0.4550686, y: 0.0000024223327, z: -0.000000048446655}
  m_LocalScale: {x: 1, y: 1.0000001, z: 1.0000001}
  m_Children:
  - {fileID: 4088710673790338}
  m_Father: {fileID: 4789672714227984}
  m_RootOrder: 0
  m_LocalEulerAnglesHint: {x: 0, y: 0, z: 0}
--- !u!1 &1922058932056404
GameObject:
  m_ObjectHideFlags: 0
  m_CorrespondingSourceObject: {fileID: 0}
  m_PrefabInstance: {fileID: 0}
  m_PrefabAsset: {fileID: 0}
  serializedVersion: 6
  m_Component:
  - component: {fileID: 4789672714227984}
  m_Layer: 0
  m_Name: RightUpLeg
  m_TagString: Untagged
  m_Icon: {fileID: 0}
  m_NavMeshLayer: 0
  m_StaticEditorFlags: 0
  m_IsActive: 1
--- !u!4 &4789672714227984
Transform:
  m_ObjectHideFlags: 0
  m_CorrespondingSourceObject: {fileID: 0}
  m_PrefabInstance: {fileID: 0}
  m_PrefabAsset: {fileID: 0}
  m_GameObject: {fileID: 1922058932056404}
  m_LocalRotation: {x: -0.050240837, y: 0.9974791, z: -0.00055683503, w: -0.05011077}
  m_LocalPosition: {x: 0.00000009689331, y: 0.00000017561912, z: -0.09406086}
  m_LocalScale: {x: 0.99999994, y: 1, z: 1}
  m_Children:
  - {fileID: 4649165692870992}
  m_Father: {fileID: 4373510977550326}
  m_RootOrder: 1
  m_LocalEulerAnglesHint: {x: 0, y: 0, z: 0}
--- !u!1 &1934771988539454
GameObject:
  m_ObjectHideFlags: 0
  m_CorrespondingSourceObject: {fileID: 0}
  m_PrefabInstance: {fileID: 0}
  m_PrefabAsset: {fileID: 0}
  serializedVersion: 6
  m_Component:
  - component: {fileID: 4428008110581820}
  m_Layer: 0
  m_Name: LeftHandRing2
  m_TagString: Untagged
  m_Icon: {fileID: 0}
  m_NavMeshLayer: 0
  m_StaticEditorFlags: 0
  m_IsActive: 1
--- !u!4 &4428008110581820
Transform:
  m_ObjectHideFlags: 0
  m_CorrespondingSourceObject: {fileID: 0}
  m_PrefabInstance: {fileID: 0}
  m_PrefabAsset: {fileID: 0}
  m_GameObject: {fileID: 1934771988539454}
  m_LocalRotation: {x: 0.014326442, y: 0.0123661375, z: 0.13793649, w: 0.99026024}
  m_LocalPosition: {x: -0.040160242, y: 0, z: 0}
  m_LocalScale: {x: 0.99999934, y: 1.000001, z: 0.99999964}
  m_Children:
  - {fileID: 4773994629503644}
  m_Father: {fileID: 4822903546613900}
  m_RootOrder: 0
  m_LocalEulerAnglesHint: {x: 0, y: 0, z: 0}
--- !u!1 &1956974516392554
GameObject:
  m_ObjectHideFlags: 0
  m_CorrespondingSourceObject: {fileID: 0}
  m_PrefabInstance: {fileID: 0}
  m_PrefabAsset: {fileID: 0}
  serializedVersion: 6
  m_Component:
  - component: {fileID: 4880850382377612}
  m_Layer: 0
  m_Name: RightForeArm
  m_TagString: Untagged
  m_Icon: {fileID: 0}
  m_NavMeshLayer: 0
  m_StaticEditorFlags: 0
  m_IsActive: 1
--- !u!4 &4880850382377612
Transform:
  m_ObjectHideFlags: 0
  m_CorrespondingSourceObject: {fileID: 0}
  m_PrefabInstance: {fileID: 0}
  m_PrefabAsset: {fileID: 0}
  m_GameObject: {fileID: 1956974516392554}
  m_LocalRotation: {x: 0.026206847, y: 0.11192808, z: -0.37655762, w: 0.9192332}
  m_LocalPosition: {x: -0.30852205, y: 0, z: 0}
  m_LocalScale: {x: 0.99999994, y: 1, z: 1.0000001}
  m_Children:
  - {fileID: 4064187410682858}
  - {fileID: 4688933007033050}
  - {fileID: 4296343810705186}
  - {fileID: 4570405598301780}
  - {fileID: 4733894945411368}
  m_Father: {fileID: 4640003586263422}
  m_RootOrder: 0
  m_LocalEulerAnglesHint: {x: 0, y: 0, z: 0}
